2930 4998
481 387 484 394 Ι
590 307 653 368 243

133 476 224 555 Quod
246 498 318 544 cum
341 475 388 544 ita
409 476 468 555 sit,
503 476 659 564 reliquum
692 483 757 557 ost,
790 479 941 564 utcogst
943 501 995 558 cs,
1031 479 1195 545 todatum

54 605 111 648 esse
132 582 173 648 ab
196 582 252 647 illo
275 583 314 648 ad
337 583 471 648 salutern
495 604 603 648 eorum
627 583 834 670 populorum,
867 584 981 668 quibus
1010 587 1041 649 te
1064 606 1197 668 praeesse

53 687 154 753 voluit.
201 686 354 772 Optamus
377 691 461 752 certe
483 709 608 767 ornnes,
632 710 668 754 ao
690 710 855 773 precamur
877 689 996 769 Deum,
1026 694 1064 756 ut
1087 712 1196 774 quem-

53 793 215 858 admodum
239 791 314 879 Gyri
345 794 487 859 animum
519 793 595 858 olim
625 793 759 860 emolliit
792 798 824 860 et
852 796 891 860 ad
914 796 963 860 sui
985 796 1096 881 populi
1117 796 1196 861 libe-
1302 847 1307 858 .

53 899 204 964 rationem
220 899 478 978 accommodavit,
502 897 548 964 ita
571 919 694 983 quoque
715 902 748 965 te
771 899 821 965 his
844 900 962 966 nostris
985 901 1120 966 nimium
1142 902 1197 966 ad-

53 1004 142 1070 flictis
158 1007 192 1070 et
202 1003 269 1070 fera
280 1004 450 1090 deploratis
462 1003 656 1088 temporibus
666 1004 838 1071 salutarem
848 1005 1000 1072 esserelit
1011 1006 1196 1090 principem.

51 1109 88 1175 Ει
108 1110 169 1176 hoc
191 1131 228 1176 eo
249 1109 426 1176 vehement'
418 1129 466 1174 rus
489 1113 653 1194 optamus,
688 1131 750 1194 quo
782 1111 882 1196 major
904 1111 939 1176 in
961 1111 1163 1230 teprudent
1156 1135 1196 1191 ra,

51 1217 192 1280 mansuet
177 1215 316 1280 tetudo
347 1213 494 1283 humanit
480 1219 529 1280 tas
560 1214 758 1281 animadvert
744 1215 833 1282 titur.
890 1214 1041 1282 Namt
1009 1217 1070 1282 etsi
1103 1239 1196 1284 namo

51 1319 206 1386 dubitavit
227 1319 389 1397 hactenus,
414 1319 491 1404 quin
513 1319 683 1386 adversarii
705 1320 864 1404 pontificii
886 1321 973 1386 omni
996 1342 1113 1408 genero
1128 1345 1195 1388 nra-

50 1425 212 1492 chinarum
235 1429 426 1492 conarentur
448 1429 480 1490 te
504 1428 655 1510 perpetuo
679 1425 718 1490 ad
749 1425 867 1490 bellum
897 1425 1047 1506 incitare,
1081 1424 1196 1512 [Xiiij]

51 1552 129 1596 nunc
154 1534 261 1598 tamon
284 1531 330 1596 ita
352 1535 428 1596 sunt
449 1535 523 1615 pate
506 1529 637 1596 efecto
628 1551 770 1616 ipsorum
792 1530 1000 1610 consiliat
963 1535 1000 1596 ιιι
1021 1535 1107 1598 certo
1130 1536 1195 1598 sta-

50 1636 261 1702 tuendum‘t
217 1640 270 1716 srt,
294 1659 360 1702 csse
375 1635 488 1716 Deum,
512 1636 567 1720 qui
590 1640 678 1702 mont
679 1659 728 1700 eur
750 1635 833 1702 hano
855 1637 915 1702 tibi
938 1636 1078 1718 dedit,u
1080 1640 1198 1716 tcum

50 1741 182 1808 amult
158 1745 201 1808 trs
224 1762 310 1806 nunc
337 1737 429 1808 annis
459 1745 525 1808 tam
555 1740 641 1806 varie
672 1745 801 1825 tamque
830 1743 913 1806 mult
899 1742 1016 1826 tiplicit
1017 1764 1051 1808 cr
1082 1741 1125 1806 sis
1159 1741 1198 1806 ad

51 1868 135 1912 arma
159 1845 311 1912 sollicitat
298 1851 359 1926 tus,
383 1847 464 1913 nihil
487 1851 594 1912 nmen
617 1846 769 1912 hactonus
790 1847 969 1912 institueris
990 1847 1030 1912 ab
1047 1845 1130 1932 aequi
1131 1850 1197 1912 tate

50 1956 100 2017 aut
122 1953 250 2018 ratione
274 1954 517 2020 dissentaneum.
549 1952 592 2018 ιιι
606 1953 688 2018 sicut
703 1953 742 2019 ad
758 1953 858 2018 solam
874 1951 1067 2016 mentionem
1090 1973 1197 2018 earum

50 2058 324 2142 conjurationum,
360 2081 437 2143 quas
466 2059 562 2124 tacite
592 2057 740 2124 nonnulli
770 2062 802 2124 et
834 2057 954 2124 occulte
985 2061 1198 2143 susceperant,

49 2182 156 2227 omnes
181 2163 355 2229 concordiae
377 2163 483 2247 cupidi
507 2163 752 2241 exhorrescunt,
788 2163 834 2229 ita
856 2184 981 2247 quoque
1003 2166 1053 2243 to,
1086 2161 1199 2241 Caesar,

49 2267 248 2332 admirantur
272 2271 304 2332 et
326 2269 452 2354 magnis
475 2268 621 2335 laudibus
643 2268 819 2348 extollunt,
851 2269 905 2352 qui
933 2268 981 2334 tui
1004 2268 1144 2332 muneris
1168 2271 1199 2332 et

49 2370 219 2456 dignitatis
242 2395 378 2452 memor,
402 2373 550 2439 omnibus
572 2374 673 2439 modis
696 2374 864 2453 laborasti,
888 2377 934 2451 ut,
958 2372 1041 2456 quod
1064 2370 1201 2436 excitare

49 2475 92 2540 illi
116 2478 155 2542 in
177 2478 282 2561 patria
311 2479 497 2564 cupiebant,
528 2479 708 2546 incendium
740 2480 980 2564 opprimeretur.
1027 2477 1200 2544 Maximam

48 2582 147 2667 igitur
163 2584 339 2648 immortali
351 2583 417 2650 Deo
433 2584 571 2670 gratiam
594 2584 756 2663 habemur,
779 2585 928 2669 primum,
955 2582 1039 2668 quod
1061 2583 1200 2648 actiones

47 2689 243 2772 consiliaque
266 2692 322 2754 tua
343 2690 389 2756 sic
411 2690 563 2756 hactenus
585 2690 787 2774 gubernavit,
810 2694 846 2755 ut
869 2689 992 2754 nullum
1014 2687 1200 2772 impotentis

47 2794 144 2858 animi
171 2794 341 2879 vestigium
365 2795 466 2860 ineis
490 2795 751 2878 deprehendatur,
776 2795 908 2875 deinde,
943 2794 1027 2878 quod
1057 2793 1091 2859 in
1107 2792 1199 2857 huno

47 2919 145 2982 usque
171 2899 263 2980 diem,
288 2900 361 2965 vitae
384 2904 446 2964 tuae
468 2922 595 2966 cursum
617 2901 755 2979 deduxit,
780 2922 842 2984 quo
864 2899 970 2965 videre
993 2902 1082 2983 potes
1106 2902 1200 2981 atque

43 3003 197 3084 judicare,
221 3025 286 3069 non
309 3026 375 3070 esse
397 3003 498 3082 nihil,
528 3005 611 3088 quod
635 3004 700 3083 illi,
734 3004 889 3088 aquibus
912 3003 1046 3068 antehac
1068 3002 1200 3068 alienior
1275 3087 1278 3096 Ι

46 3106 159 3188 fuisti,
194 3129 260 3172 ιιοιι
290 3113 357 3174 tam
387 3112 443 3174 tua
466 3109 601 3193 quadarn
623 3112 737 3193 sponte
760 3129 855 3192 quam
878 3107 1033 3192 impulsus
1055 3106 1096 3172 ab
1119 3105 1200 3185 aliis,

619 3282 636 3321 ’l‘

46 3422 85 3489 So
115 3423 176 3488 hat
207 3422 287 3486 auch
312 3420 348 3486 Ε.
373 3423 416 3490 M.
446 3423 620 3488 widerumb
652 3422 703 3487 ein
726 3443 834 3508 grosse
858 3422 1024 3508 rechnung
1047 3424 1086 3487 uir
1108 3421 1199 3486 thhn.

45 3528 86 3593 Es
110 3531 179 3594 han
196 3527 232 3591 E.
249 3527 293 3592 M.
317 3529 388 3594 dem
404 3528 526 3594 Horren
551 3529 600 3593 nit
622 3531 711 3614 gnbg
734 3528 886 3605 dancken,
910 3527 989 3590 Zum
1011 3530 1123 3604 ersten,
1148 3526 1202 3588 das

45 3633 114 3699 sich
142 3632 180 3696 Ε.
206 3631 249 3696 M.
274 3633 349 3699 umb
373 3633 455 3698 discr
478 3633 591 3698 sachcn
616 3632 722 3698 willen
754 3633 788 3696 in
811 3633 925 3697 keinen
948 3631 1039 3716 krieg
1062 3629 1202 3714 begeben

44 3739 123 3818 hat,
162 3738 276 3803 welchs
307 3760 348 3803 on
381 3739 465 3804 allen
496 3738 637 3816 zweifel,
672 3737 742 3800 eine
770 3758 877 3822 grosse
908 3737 992 3822 gnad
1016 3734 1126 3800 Gottes
1149 3735 1201 3798 ist.

46 3841 223 3920 Darnach,
256 3843 310 3908 das
333 3842 368 3907 Ε.
394 3842 436 3906 Μ.
460 3842 490 3906 ιι
512 3865 615 3908 wesen
638 3843 703 3906 und
726 3842 913 3927 regierung,
938 3841 988 3906 bis
1011 3842 1049 3905 air
1073 3838 1202 3924 ietziger

44 3949 107 4012 zeit
132 3941 379 4034 glichscliglioh
401 3947 522 4026 bracht,
546 3947 612 4011 und
635 3947 695 4012 den
717 3949 773 4032 tag
788 3945 890 4011 erlebt
905 3945 970 4022 hat,
995 3944 1049 4008 das
1065 3943 1110 4007 sie
1125 3937 1203 4008 fiber

44 4054 133 4119 allen
162 4052 376 4138 vorgehabten
399 4052 510 4118 unlust
532 4053 596 4117 und
619 4051 781 4130 unwillen,
804 4074 875 4116 zum
898 4051 1014 4116 letsten
1036 4049 1101 4113 und
1124 4047 1201 4112 end-

44 4159 110 4222 lich
137 4157 238 4222 dahin
262 4158 417 4224 berichtet
441 4158 492 4237 ist,
517 4159 572 4222 das
594 4158 640 4222 sie
662 4157 822 4222 erkcnnen
846 4177 930 4240 mag,
954 4177 986 4218 es
1009 4155 1054 4218 sei
1076 4155 1126 4218 nit
1148 4157 1201 4218 zir-

45 4264 112 4329 mal
138 4285 184 4327 ou
208 4263 331 4341 ursach,
354 4264 409 4328 das
432 4263 482 4327 die
502 4262 606 4346 jhene,
630 4283 733 4347 gegen
756 4261 877 4326 welche
896 4258 931 4322 Ε.
953 4259 996 4322 M.
1022 4259 1119 4323 durch
1143 4259 1202 4323 vil·

938 4363 970 4418 16
981 4365 994 4394 '⁸
