2902 4996
571 344 631 411 1'43

116 521 223 599 Porro,
254 541 319 585 non
342 523 390 586 est
413 518 496 604 quod
519 519 738 585 existimemus
760 519 861 586 levem
884 522 968 588 huno
990 543 1057 588 esse
1079 527 1175 608 atque

47 627 184 710 vulgarem
208 628 351 704 abusum,
383 646 489 690 errore
511 625 647 708 quodam
670 632 702 690 et
724 625 922 711 temporibus
945 627 1173 708 introductum,

46 731 86 795 sed
105 733 302 817 cogitandum
326 731 373 794 est
395 729 536 814 graviter
558 751 594 794 ao
617 730 720 806 serio,
756 729 810 794 diu
833 734 866 794 et
887 731 1045 810 multum,
1080 755 1175 818 quam

47 839 139 901 misere
160 842 228 903 tum
243 837 341 902 fuerit
357 835 523 899 obscurata
539 835 592 918 pia
607 835 759 913 doctrina,
784 856 880 919 quam
900 836 1063 920 deplorata
1079 839 1176 903 fuerit

46 965 130 1005 rerum
151 942 245 1007 facies
268 962 325 1025 per
347 939 433 1004 huno
454 942 600 1003 nostrum
623 939 742 1016 orbem,
766 939 891 1028 quaudo
907 947 1099 1008 veteratores
1122 945 1176 1009 isti

46 1069 93 1109 uon
114 1047 300 1112 verebantur
323 1045 476 1128 ejusmodi
511 1067 584 1110 suas
619 1067 737 1110 meroes
768 1047 851 1130 apud
884 1067 941 1110 nos
964 1047 1175 1128 circumferre,

46 1151 149 1233 quando
171 1175 236 1217 non
260 1151 452 1217 dubitabant
473 1172 531 1234 pro
561 1151 709 1216 contione
737 1151 869 1216 reoitare
903 1153 1020 1236 populo
1052 1155 1177 1239 quidvis

45 1255 130 1333 etiam,
152 1257 359 1340 quantumvis
378 1257 532 1340 ineptum,
556 1256 691 1340 impium
708 1260 740 1321 et
757 1257 937 1335 absurdum,
963 1261 1089 1342 quando
1113 1283 1176 1325 non

8 1415 9 1452 Ξ
45 1363 117 1426 nodo
138 1364 253 1449 vulgus
276 1363 457 1441 hominum,
480 1361 535 1426 sed
558 1383 648 1447 reges
673 1363 769 1426 etiam
793 1383 829 1427 ae
851 1363 1028 1448 principes,
1054 1364 1087 1428 in
1110 1369 1176 1430 tam

44 1468 124 1532 latria
145 1472 177 1533 et
200 1467 325 1532 miseris
348 1468 551 1553 opinionibus
577 1467 751 1534 haerebant.
784 1467 858 1532 Non
873 1467 926 1534 hio
941 1473 1068 1534 tantum
1091 1492 1178 1536 error

8 1597 9 1634 ;
45 1574 68 1636 iu
87 1595 118 1638 eo
140 1573 417 1659 reprehendendus
440 1573 545 1650 venit,
580 1573 633 1638 sed
667 1573 768 1656 majus
797 1574 954 1656 quoddam
984 1575 1064 1640 latet
1093 1575 1178 1641 baud

8 1687 9 1690 ’
44 1679 119 1743 dubie
138 1680 348 1765 mysterium,
383 1683 415 1744 et
445 1679 633 1743 inexhausta
665 1677 808 1761 quaedam
838 1678 1082 1744 foedissimarum
1106 1703 1178 1765 per·

8 1805 9 1832 ³
44 1785 205 1849 suasionum
229 1784 380 1850 oolluvies
403 1785 437 1848 iu
460 1785 522 1849 ista
544 1784 670 1848 sentina
692 1784 881 1848 reconditur.
913 1783 1084 1851 Habebunt
1099 1786 1177 1851 olim

8 1863 10 1920 l
43 1887 142 1953 domini
164 1893 360 1974 potestatem
383 1911 509 1954 omnem
532 1889 565 1953 in
588 1910 710 1966 servos,
741 1910 805 1953 non
837 1910 924 1953 secus
947 1893 1042 1973 atque
1064 1891 1177 1975 inpe-

44 1993 128 2056 eudes.
174 1993 326 2059 Consulit
348 1998 453 2059 antem
477 1995 585 2072 Plato,
617 1995 728 2059 nevel
752 1994 862 2059 acerbe
885 1994 1105 2060 veliraounde
1128 1997 1179 2061 ni·

8 2147 9 2154 ,
44 2097 123 2162 nium
146 2103 202 2164 aut
227 2100 398 2166 crudeliter
422 2105 453 2164 et
477 2101 553 2165 dure
575 2099 761 2164 habeantur.
795 2098 885 2176 Quod
901 2105 937 2161 ul
960 2099 1085 2164 facilius
1107 2123 1179 2184 per-

8 2241 9 2246 1
44 2203 173 2281 suadeat,
211 2203 297 2268 hano
330 2205 418 2270 addit
450 2204 608 2290 insignem
642 2205 856 2282 sententiam,
892 2225 958 2268 esse
988 2205 1117 2287 optimae
1149 2211 1181 2270 et

8 2347 9 2368 2
44 2306 256 2373 laudatissimae
278 2312 401 2374 naturae
431 2309 580 2396 signum,
616 2310 741 2394 quando
773 2309 933 2374 moderate
963 2309 1034 2394 quis
1057 2310 1180 2395 agitet

43 2411 194 2479 elementer
220 2414 256 2478 in
279 2413 362 2496 illos,
387 2415 419 2480 iu
444 2436 522 2499 quos
544 2415 663 2500 alioqui
686 2414 796 2479 saevire
818 2413 927 2498 possit.

598 2537 615 2577 *

9 2655 10 2658 ¹
42 2616 103 2685 lluu
124 2645 196 2688 mus
222 2647 297 2689 nran
321 2625 400 2689 eben
424 2625 583 2711 dasselbig
614 2625 706 2691 stuolr
736 2625 786 2689 nit
817 2624 932 2711 garing
965 2623 1099 2702 aohten,
1135 2623 1182 2689 als

43 2726 117 2791 einen
139 2729 343 2808 misbraueb‚
367 2731 423 2795 der
444 2731 505 2795 mit
527 2731 581 2796 der
604 2731 665 2795 zoit
688 2730 882 2814 eingerisseu
906 2729 966 2807 sei3
991 2734 1049 2793 eto.
1095 2730 1183 2794 Aber

43 2834 170 2898 maurol
193 2835 262 2898 und
288 2839 358 2900 mus
382 2836 578 2921 gedeneken‚
610 2837 669 2900 wie
701 2836 762 2899 alle
785 2834 975 2900 Christliohe
997 2834 1080 2912 lere,
1112 2855 1183 2898 ver-

42 2934 166 3018 fissura,
198 2941 346 3005 besudlet
378 2942 443 3005 und
476 2940 672 3018 verniohlet‚
703 2940 780 3004 item
803 2940 861 3004 wie
884 2963 915 3004 es
939 2961 997 3025 gar
1020 2939 1071 3002 eiu
1095 2959 1182 3003 orme

42 3045 142 3123 gestalt
165 3045 199 3108 in
226 3045 284 3109 der
306 3045 381 3110 welt
402 3066 543 3131 gewesen
569 3047 628 3124 ist,
653 3047 693 3110 da
715 3045 781 3110 dise
803 3045 973 3109 Finantzer
995 3045 1059 3108 und
1083 3044 1180 3128 kluge

43 3141 134 3226 liuha,
166 3151 276 3216 haben
299 3151 404 3216 solobe
426 3126 706 3217 kairffmansobafft
728 3145 845 3214 thdrou
868 3147 1060 3213 herumbher
1082 3148 1183 3212 durob

42 3253 91 3316 alle
111 3253 313 3340 Konigreioh
336 3252 447 3336 fdreu,
479 3259 543 3322 und
568 3258 618 3322 die
640 3257 728 3335 leui,
761 3257 838 3321 alles
862 3279 926 3321 was
949 3255 995 3319 sie
1018 3277 1079 3318 nur
1101 3256 1185 3319 selbs

42 3361 152 3440 gewblt,
175 3360 310 3447 gediobt
332 3364 397 3428 und
420 3367 607 3450 getreumet‚
630 3358 780 3428 riberredt
802 3361 915 3439 haben,
940 3362 980 3424 da
1000 3360 1061 3425 alle
1076 3359 1186 3446 Konig

43 3465 94 3526 uud
114 3465 329 3545 Potentem,
360 3468 439 3532 oben
461 3470 521 3533 wie
544 3469 598 3532 der
622 3468 748 3552 gemein
771 3466 867 3550 pbffel
889 3465 934 3528 im
957 3464 1066 3528 selben
1090 3464 1183 3528 wohn

42 3569 94 3632 und
116 3569 282 3636 irrtbumb
305 3593 448 3656 genesen
472 3574 555 3647 sind,
599 3571 641 3637 Ils
671 3595 736 3636 war
769 3571 895 3636 freilieh
919 3571 968 3634 nit
991 3569 1087 3634 allein
1110 3571 1186 3634 umb

43 3670 116 3737 dison
138 3675 260 3761 grewel
293 3699 331 3740 zu
361 3677 465 3754 rhun,
499 3678 613 3742 sonder
645 3698 677 3741 es
706 3679 793 3741 mrist
815 3676 876 3740 wol
898 3679 994 3739 etwas
1017 3674 1107 3738 mehr
1130 3675 1185 3738 da-

43 3773 145 3843 binden
170 3784 351 3865 verborgen
375 3781 453 3845 sein.
485 3781 664 3846 Vorzeiten
688 3781 800 3844 hatten
824 3780 875 3844 die
897 3779 949 3861 [8]
973 3777 1085 3841 herren
1108 3772 1186 3842 fiber

43 3880 80 3944 ire
97 3884 258 3970 leibeigen
280 3883 400 3950 kneoht
415 3886 499 3950 allen
514 3885 640 3971 geuualt¹
664 3885 812 3950 moohten
830 3884 889 3948 mit
904 3883 978 3946 inen
995 3881 1184 3962 umbgehen‚

44 3985 91 4050 wie
110 3989 170 4053 mit
194 3988 269 4053 dem
291 3990 373 4054 vieb.
409 3990 498 4055 Aber
513 3990 605 4056 Plato
628 3991 701 4076 gibt
722 3990 783 4054 don
806 3990 889 4066 naht,
912 4010 986 4052 man
1011 3987 1089 4050 solle
1110 3987 1188 4052 alles

44 4088 163 4172 frenels,
200 4095 415 4173 mdtwillens‚
450 4096 514 4159 und
538 4094 636 4179 injuri
659 4117 699 4158 an
722 4094 796 4159 ineu
822 4089 943 4175 mirssig
966 4089 1088 4175 gehen,
1122 4092 1189 4156 und

43 4203 121 4281 sagl,
155 4221 252 4264 wenn
277 4200 345 4265 sioh
369 4201 455 4266 einer
478 4200 616 4278 enthelt,
651 4201 710 4264 den
731 4199 849 4285 jbenen
873 4195 1099 4262 besohwerlich
1121 4196 1188 4260 und

44 4293 208 4390 therlestig
233 4326 271 4367 zu
295 4306 372 4384 sein,
397 4306 447 4370 die
469 4327 503 4370 er
525 4305 605 4370 doeh
628 4309 720 4368 sunst
740 4303 847 4370 mboht
862 4301 943 4366 naoh
958 4301 1053 4365 allam
1068 4301 1188 4366 seinem

43 4402 100 4471 lust
120 4409 187 4474 und
213 4409 415 4495 wolgefallon
438 4411 554 4499 plagen
577 4410 643 4475 und
666 4412 818 4496 tagaton,
842 4429 883 4473 an
906 4406 976 4472 dem
999 4399 1093 4491 spiro
1115 4427 1191 4474 man
