<?xml version="1.0" encoding="UTF-8"?>
<!DOCTYPE html PUBLIC "-//W3C//DTD XHTML 1.0 Transitional//EN"
    "http://www.w3.org/TR/xhtml1/DTD/xhtml1-transitional.dtd">
<html xmlns="http://www.w3.org/1999/xhtml" xml:lang="en" lang="en">
 <head>
  <title>
</title>
<meta http-equiv="Content-Type" content="text/html;charset=utf-8" />
  <meta name='ocr-system' content='tesseract 3.04.00' />
  <meta name='ocr-capabilities' content='ocr_page ocr_carea ocr_par ocr_line ocrx_word'/>
</head>
<body>
  <div class='ocr_page' id='page_1' title='image "./zweiredenankais00bhgoog/zweiredenankais00bhgoog_0187.png"; bbox 0 0 2902 4996; ppageno 0'>
   <div class='ocr_carea' id='block_1_1' title="bbox 576 358 636 420">
    <p class='ocr_par' dir='ltr' id='par_1_1' title="bbox 576 358 636 420">
     <span class='ocr_line' id='line_1_1' title="bbox 576 358 636 420; baseline 0 0"><span class='ocrx_word' id='word_1_1' title='bbox 576 358 636 420; x_wconf 75' lang='lat'>175</span> 
     </span>
    </p>
   </div>
   <div class='ocr_carea' id='block_1_2' title="bbox 14 528 1183 1036">
    <p class='ocr_par' dir='ltr' id='par_1_2' title="bbox 13 528 1183 1366">
     <span class='ocr_line' id='line_1_2' title="bbox 64 528 1183 616; baseline 0.001 -21"><span class='ocrx_word' id='word_1_2' title='bbox 64 532 138 616; x_wconf 82' lang='lat' dir='ltr'>paulo</span> <span class='ocrx_word' id='word_1_3' title='bbox 156 529 302 616; x_wconf 85' lang='lat' dir='ltr'>prolixior</span> <span class='ocrx_word' id='word_1_4' title='bbox 323 551 390 594; x_wconf 89' lang='lat' dir='ltr'>esse</span> <span class='ocrx_word' id='word_1_5' title='bbox 412 528 556 610; x_wconf 84' lang='lat' dir='ltr'>videtur,</span> <span class='ocrx_word' id='word_1_6' title='bbox 591 529 672 595; x_wconf 74' lang='lat' dir='ltr'>dabo</span> <span class='ocrx_word' id='word_1_7' title='bbox 703 533 809 595; x_wconf 87' lang='lat' dir='ltr'>temen</span> <span class='ocrx_word' id='word_1_8' title='bbox 840 553 989 616; x_wconf 77' lang='lat' dir='ltr'>opernm,</span> <span class='ocrx_word' id='word_1_9' title='bbox 1023 535 1060 596; x_wconf 86' lang='lat' dir='ltr'>ut</span> <span class='ocrx_word' id='word_1_10' title='bbox 1094 533 1183 596; x_wconf 83' lang='lat' dir='ltr'>extre</span> 
     </span>
     <span class='ocr_line' id='line_1_3' title="bbox 63 635 509 721; baseline 0 -21"><span class='ocrx_word' id='word_1_11' title='bbox 63 639 228 721; x_wconf 88' lang='lat' dir='ltr'>propositum</span> <span class='ocrx_word' id='word_1_12' title='bbox 250 636 333 701; x_wconf 87' lang='lat' dir='ltr'>nihil</span> <span class='ocrx_word' id='word_1_13' title='bbox 356 635 509 700; x_wconf 77' lang='lat' dir='ltr'>adferam.</span> 
     </span>
     <span class='ocr_line' id='line_1_4' title="bbox 14 739 1181 830; baseline 0.002 -27"><span class='ocrx_word' id='word_1_14' title='bbox 14 825 15 830; x_wconf 8' lang='grc' dir='ltr'>ἵ</span> <span class='ocrx_word' id='word_1_15' title='bbox 62 739 156 804; x_wconf 85' lang='lat' dir='ltr'>Praeter</span> <span class='ocrx_word' id='word_1_16' title='bbox 175 743 289 806; x_wconf 85' lang='lat' dir='ltr'>rnnltes</span> <span class='ocrx_word' id='word_1_17' title='bbox 311 745 343 805; x_wconf 90' lang='lat' dir='ltr'>et</span> <span class='ocrx_word' id='word_1_18' title='bbox 372 739 614 805; x_wconf 77' lang='lat' dir='ltr'>florentissimas</span> <span class='ocrx_word' id='word_1_19' title='bbox 644 739 799 819; x_wconf 90' lang='lat' dir='ltr'>diciones,</span> <span class='ocrx_word' id='word_1_20' title='bbox 832 741 961 826; x_wconf 85' lang='lat' dir='ltr'>ingenio</span> <span class='ocrx_word' id='word_1_21' title='bbox 993 745 1025 805; x_wconf 90' lang='lat' dir='ltr'>te</span> <span class='ocrx_word' id='word_1_22' title='bbox 1056 761 1181 825; x_wconf 88' lang='lat' dir='ltr'>quoque</span> 
     </span>
     <span class='ocr_line' id='line_1_5' title="bbox 14 831 1181 924; baseline 0 -15"><span class='ocrx_word' id='word_1_23' title='bbox 14 831 15 900; x_wconf 74' lang='lat' dir='ltr'>i</span> <span class='ocrx_word' id='word_1_24' title='bbox 61 845 125 910; x_wconf 86' lang='lat' dir='ltr'>Deus</span> <span class='ocrx_word' id='word_1_25' title='bbox 146 849 265 912; x_wconf 77' lang='lat' dir='ltr'>ornavit</span> <span class='ocrx_word' id='word_1_26' title='bbox 288 845 473 924; x_wconf 78' lang='lat' dir='ltr'>excellenti,</span> <span class='ocrx_word' id='word_1_27' title='bbox 509 844 633 924; x_wconf 83' lang='lat' dir='ltr'>Gaessr,</span> <span class='ocrx_word' id='word_1_28' title='bbox 669 846 714 910; x_wconf 87' lang='lat' dir='ltr'>sic</span> <span class='ocrx_word' id='word_1_29' title='bbox 744 849 780 910; x_wconf 87' lang='lat' dir='ltr'>ut</span> <span class='ocrx_word' id='word_1_30' title='bbox 812 846 897 911; x_wconf 89' lang='lat' dir='ltr'>inter</span> <span class='ocrx_word' id='word_1_31' title='bbox 920 845 1030 910; x_wconf 80' lang='lat' dir='ltr'>heroes</span> <span class='ocrx_word' id='word_1_32' title='bbox 1055 847 1125 910; x_wconf 90' lang='lat' dir='ltr'>illos</span> <span class='ocrx_word' id='word_1_33' title='bbox 1149 849 1181 910; x_wconf 92' lang='lat' dir='ltr'>et</span> 
     </span>
     <span class='ocr_line' id='line_1_6' title="bbox 61 951 1180 1036; baseline -0.001 -22.041"><span class='ocrx_word' id='word_1_34' title='bbox 61 952 153 1033; x_wconf 88' lang='lat' dir='ltr'>priscos</span> <span class='ocrx_word' id='word_1_35' title='bbox 174 952 376 1034; x_wconf 78' lang='lat' dir='ltr'>imperatores</span> <span class='ocrx_word' id='word_1_36' title='bbox 400 951 514 1016; x_wconf 85' lang='lat' dir='ltr'>merito</span> <span class='ocrx_word' id='word_1_37' title='bbox 539 951 650 1016; x_wconf 80' lang='lat' dir='ltr'>debeas</span> <span class='ocrx_word' id='word_1_38' title='bbox 673 951 842 1015; x_wconf 80' lang='lat' dir='ltr'>numerari.</span> <span class='ocrx_word' id='word_1_39' title='bbox 889 951 957 1028; x_wconf 80' lang='lat' dir='ltr'>Quo</span> <span class='ocrx_word' id='word_1_40' title='bbox 988 952 1088 1036; x_wconf 76' lang='lat' dir='ltr'>magis</span> <span class='ocrx_word' id='word_1_41' title='bbox 1119 951 1180 1015; x_wconf 87' lang='lat' dir='ltr'>mi·</span> 
     </span>
    </p>
   </div>
   <div class='ocr_carea' id='block_1_3' title="bbox 13 1054 1267 4500">
    <p class='ocr_par' dir='ltr' id='par_1_3' title="bbox 13 1054 1267 4500">
     <span class='ocr_line' id='line_1_7' title="bbox 60 1054 1267 1141; baseline 0.001 -22"><span class='ocrx_word' id='word_1_42' title='bbox 60 1079 112 1120; x_wconf 87' lang='lat' dir='ltr'>run</span> <span class='ocrx_word' id='word_1_43' title='bbox 132 1057 221 1121; x_wconf 89' lang='lat' dir='ltr'>videri</span> <span class='ocrx_word' id='word_1_44' title='bbox 245 1061 358 1141; x_wconf 88' lang='lat' dir='ltr'>potest,</span> <span class='ocrx_word' id='word_1_45' title='bbox 383 1077 439 1120; x_wconf 87' lang='lat' dir='ltr'>cur</span> <span class='ocrx_word' id='word_1_46' title='bbox 462 1077 482 1120; x_wconf 81' lang='lat' dir='ltr'>a</span> <span class='ocrx_word' id='word_1_47' title='bbox 503 1059 570 1120; x_wconf 86' lang='lat' dir='ltr'>tem</span> <span class='ocrx_word' id='word_1_48' title='bbox 593 1054 702 1119; x_wconf 89' lang='lat' dir='ltr'>multis</span> <span class='ocrx_word' id='word_1_49' title='bbox 727 1077 811 1120; x_wconf 86' lang='lat' dir='ltr'>nunc</span> <span class='ocrx_word' id='word_1_50' title='bbox 834 1055 926 1120; x_wconf 86' lang='lat' dir='ltr'>annis</span> <span class='ocrx_word' id='word_1_51' title='bbox 946 1056 1027 1120; x_wconf 91' lang='lat' dir='ltr'>nihil</span> <span class='ocrx_word' id='word_1_52' title='bbox 1043 1055 1179 1139; x_wconf 83' lang='lat' dir='ltr'>emplius</span> <span class='ocrx_word' id='word_1_53' title='bbox 1259 1103 1267 1120; x_wconf 80' lang='grc'><strong><em>,</em></strong></span> 
     </span>
     <span class='ocr_line' id='line_1_8' title="bbox 58 1161 1179 1246; baseline 0.001 -23"><span class='ocrx_word' id='word_1_54' title='bbox 58 1161 81 1223; x_wconf 88' lang='lat' dir='ltr'>in</span> <span class='ocrx_word' id='word_1_55' title='bbox 101 1161 151 1225; x_wconf 80' lang='lat' dir='ltr'>hec</span> <span class='ocrx_word' id='word_1_56' title='bbox 170 1183 262 1226; x_wconf 70' lang='lat' dir='ltr'>(reuss</span> <span class='ocrx_word' id='word_1_57' title='bbox 283 1161 469 1246; x_wconf 78' lang='lat' dir='ltr'>perfeceris,</span> <span class='ocrx_word' id='word_1_58' title='bbox 492 1162 668 1244; x_wconf 85' lang='lat' dir='ltr'>praescrtim</span> <span class='ocrx_word' id='word_1_59' title='bbox 692 1183 763 1225; x_wconf 87' lang='lat' dir='ltr'>cum</span> <span class='ocrx_word' id='word_1_60' title='bbox 787 1161 856 1225; x_wconf 88' lang='lat' dir='ltr'>fieri</span> <span class='ocrx_word' id='word_1_61' title='bbox 880 1183 942 1225; x_wconf 90' lang='lat' dir='ltr'>non</span> <span class='ocrx_word' id='word_1_62' title='bbox 966 1162 1077 1246; x_wconf 85' lang='lat' dir='ltr'>possit,</span> <span class='ocrx_word' id='word_1_63' title='bbox 1101 1161 1179 1244; x_wconf 90' lang='lat' dir='ltr'>quin</span> 
     </span>
     <span class='ocr_line' id='line_1_9' title="bbox 58 1263 1180 1352; baseline 0.001 -24"><span class='ocrx_word' id='word_1_64' title='bbox 58 1267 133 1352; x_wconf 84' lang='lat' dir='ltr'>longo</span> <span class='ocrx_word' id='word_1_65' title='bbox 152 1288 255 1330; x_wconf 88' lang='lat' dir='ltr'>rerum</span> <span class='ocrx_word' id='word_1_66' title='bbox 278 1289 337 1330; x_wconf 88' lang='lat' dir='ltr'>usu</span> <span class='ocrx_word' id='word_1_67' title='bbox 359 1265 461 1330; x_wconf 84' lang='lat' dir='ltr'>mults</span> <span class='ocrx_word' id='word_1_68' title='bbox 483 1265 637 1330; x_wconf 91' lang='lat' dir='ltr'>didiceris.</span> <span class='ocrx_word' id='word_1_69' title='bbox 671 1263 876 1330; x_wconf 76' lang='lat' dir='ltr'>Voluntatem</span> <span class='ocrx_word' id='word_1_70' title='bbox 901 1265 1026 1349; x_wconf 87' lang='lat' dir='ltr'>quidem</span> <span class='ocrx_word' id='word_1_71' title='bbox 1050 1277 1083 1330; x_wconf 87' lang='lat' dir='ltr'>et</span> <span class='ocrx_word' id='word_1_72' title='bbox 1105 1287 1180 1330; x_wconf 89' lang='lat' dir='ltr'>con·</span> 
     </span>
     <span class='ocr_line' id='line_1_10' title="bbox 57 1369 1179 1454; baseline 0.002 -23"><span class='ocrx_word' id='word_1_73' title='bbox 57 1371 227 1436; x_wconf 81' lang='lat' dir='ltr'>silicnostra</span> <span class='ocrx_word' id='word_1_74' title='bbox 242 1369 327 1436; x_wconf 89' lang='lat' dir='ltr'>Deus</span> <span class='ocrx_word' id='word_1_75' title='bbox 350 1371 383 1434; x_wconf 92' lang='lat' dir='ltr'>in</span> <span class='ocrx_word' id='word_1_76' title='bbox 406 1393 463 1434; x_wconf 81' lang='lat' dir='ltr'>sus</span> <span class='ocrx_word' id='word_1_77' title='bbox 485 1370 639 1453; x_wconf 79' lang='lat' dir='ltr'>rne[l&#39;]nu</span> <span class='ocrx_word' id='word_1_78' title='bbox 662 1369 811 1454; x_wconf 82' lang='lat' dir='ltr'>possidet,</span> <span class='ocrx_word' id='word_1_79' title='bbox 835 1392 954 1448; x_wconf 88' lang='lat' dir='ltr'>verum,</span> <span class='ocrx_word' id='word_1_80' title='bbox 978 1371 1005 1434; x_wconf 91' lang='lat' dir='ltr'>si</span> <span class='ocrx_word' id='word_1_81' title='bbox 1025 1369 1179 1453; x_wconf 87' lang='lat' dir='ltr'>judicium</span> 
     </span>
     <span class='ocr_line' id='line_1_11' title="bbox 56 1475 1181 1560; baseline 0.004 -23"><span class='ocrx_word' id='word_1_82' title='bbox 56 1480 204 1557; x_wconf 78' lang='lat' dir='ltr'>spectemus</span> <span class='ocrx_word' id='word_1_83' title='bbox 226 1475 361 1540; x_wconf 80' lang='lat' dir='ltr'>rationis</span> <span class='ocrx_word' id='word_1_84' title='bbox 383 1478 416 1539; x_wconf 87' lang='lat' dir='ltr'>et</span> <span class='ocrx_word' id='word_1_85' title='bbox 439 1475 574 1540; x_wconf 78' lang='lat' dir='ltr'>civiliter</span> <span class='ocrx_word' id='word_1_86' title='bbox 605 1476 789 1559; x_wconf 82' lang='lat' dir='ltr'>loquemur,</span> <span class='ocrx_word' id='word_1_87' title='bbox 824 1479 975 1560; x_wconf 74' lang='lat' dir='ltr'>apparet,</span> <span class='ocrx_word' id='word_1_88' title='bbox 1009 1475 1125 1540; x_wconf 89' lang='lat' dir='ltr'>ideirco</span> <span class='ocrx_word' id='word_1_89' title='bbox 1148 1480 1181 1540; x_wconf 89' lang='lat' dir='ltr'>te</span> 
     </span>
     <span class='ocr_line' id='line_1_12' title="bbox 13 1579 1179 1670; baseline 0.004 -29"><span class='ocrx_word' id='word_1_90' title='bbox 13 1657 16 1670; x_wconf 34' lang='grc' dir='ltr'>Ι</span> <span class='ocrx_word' id='word_1_91' title='bbox 55 1581 190 1645; x_wconf 87' lang='lat' dir='ltr'>remissius</span> <span class='ocrx_word' id='word_1_92' title='bbox 218 1601 332 1666; x_wconf 84' lang='lat' dir='ltr'>egere,</span> <span class='ocrx_word' id='word_1_93' title='bbox 367 1580 450 1664; x_wconf 87' lang='lat' dir='ltr'>quod</span> <span class='ocrx_word' id='word_1_94' title='bbox 483 1579 626 1664; x_wconf 76' lang='lat' dir='ltr'>pontifici</span> <span class='ocrx_word' id='word_1_95' title='bbox 656 1579 800 1644; x_wconf 80' lang='lat' dir='ltr'>Romano</span> <span class='ocrx_word' id='word_1_96' title='bbox 833 1581 875 1644; x_wconf 86' lang='lat' dir='ltr'>sis</span> <span class='ocrx_word' id='word_1_97' title='bbox 905 1580 1066 1666; x_wconf 82' lang='lat' dir='ltr'>obligatus</span> <span class='ocrx_word' id='word_1_98' title='bbox 1093 1583 1179 1666; x_wconf 77' lang='lat' dir='ltr'>Jure-</span> 
     </span>
     <span class='ocr_line' id='line_1_13' title="bbox 13 1673 1179 1814; baseline 0.003 -68"><span class='ocrx_word' id='word_1_99' title='bbox 13 1673 15 1814; x_wconf 70' lang='grc' dir='ltr'>Ι</span> <span class='ocrx_word' id='word_1_100' title='bbox 53 1683 171 1764; x_wconf 82' lang='lat' dir='ltr'>jurando,</span> <span class='ocrx_word' id='word_1_101' title='bbox 187 1689 219 1750; x_wconf 91' lang='lat' dir='ltr'>et</span> <span class='ocrx_word' id='word_1_102' title='bbox 235 1686 318 1769; x_wconf 87' lang='lat' dir='ltr'>quod</span> <span class='ocrx_word' id='word_1_103' title='bbox 331 1685 413 1750; x_wconf 91' lang='lat' dir='ltr'>nihil</span> <span class='ocrx_word' id='word_1_104' title='bbox 428 1686 493 1750; x_wconf 81' lang='lat' dir='ltr'>lere</span> <span class='ocrx_word' id='word_1_105' title='bbox 507 1707 702 1750; x_wconf 87' lang='lat' dir='ltr'>commovere</span> <span class='ocrx_word' id='word_1_106' title='bbox 717 1687 818 1769; x_wconf 86' lang='lat' dir='ltr'>possis</span> <span class='ocrx_word' id='word_1_107' title='bbox 836 1690 892 1750; x_wconf 84' lang='lat' dir='ltr'>sut</span> <span class='ocrx_word' id='word_1_108' title='bbox 906 1685 1083 1764; x_wconf 81' lang='lat' dir='ltr'>immutare,</span> <span class='ocrx_word' id='word_1_109' title='bbox 1101 1688 1179 1771; x_wconf 88' lang='lat' dir='ltr'>quin</span> 
     </span>
     <span class='ocr_line' id='line_1_14' title="bbox 13 1787 1181 1894; baseline 0.007 -46"><span class='ocrx_word' id='word_1_110' title='bbox 13 1815 15 1894; x_wconf 77' lang='lat'>3</span> <span class='ocrx_word' id='word_1_111' title='bbox 55 1787 126 1852; x_wconf 85' lang='lat' dir='ltr'>illum</span> <span class='ocrx_word' id='word_1_112' title='bbox 145 1789 295 1854; x_wconf 82' lang='lat' dir='ltr'>offendes.</span> <span class='ocrx_word' id='word_1_113' title='bbox 341 1790 431 1867; x_wconf 80' lang='lat' dir='ltr'>Quod</span> <span class='ocrx_word' id='word_1_114' title='bbox 455 1791 480 1853; x_wconf 89' lang='lat' dir='ltr'>si</span> <span class='ocrx_word' id='word_1_115' title='bbox 505 1791 551 1854; x_wconf 86' lang='lat' dir='ltr'>its</span> <span class='ocrx_word' id='word_1_116' title='bbox 575 1793 638 1868; x_wconf 88' lang='lat' dir='ltr'>est,</span> <span class='ocrx_word' id='word_1_117' title='bbox 661 1791 836 1873; x_wconf 81' lang='lat' dir='ltr'>optandum</span> <span class='ocrx_word' id='word_1_118' title='bbox 859 1791 901 1854; x_wconf 91' lang='lat' dir='ltr'>sit</span> <span class='ocrx_word' id='word_1_119' title='bbox 924 1791 957 1854; x_wconf 90' lang='lat' dir='ltr'>in</span> <span class='ocrx_word' id='word_1_120' title='bbox 981 1791 1112 1875; x_wconf 89' lang='lat' dir='ltr'>primis,</span> <span class='ocrx_word' id='word_1_121' title='bbox 1143 1797 1181 1856; x_wconf 88' lang='lat' dir='ltr'>ut</span> 
     </span>
     <span class='ocr_line' id='line_1_15' title="bbox 13 1895 1180 1982; baseline 0.007 -28"><span class='ocrx_word' id='word_1_122' title='bbox 13 1901 15 1982; x_wconf 90' lang='lat'>3</span> <span class='ocrx_word' id='word_1_123' title='bbox 53 1914 80 1955; x_wconf 85' lang='lat' dir='ltr'>er</span> <span class='ocrx_word' id='word_1_124' title='bbox 98 1916 130 1958; x_wconf 84' lang='lat' dir='ltr'>es</span> <span class='ocrx_word' id='word_1_125' title='bbox 149 1901 180 1960; x_wconf 92' lang='lat' dir='ltr'>te</span> <span class='ocrx_word' id='word_1_126' title='bbox 208 1895 361 1960; x_wconf 88' lang='lat' dir='ltr'>servitute</span> <span class='ocrx_word' id='word_1_127' title='bbox 391 1917 500 1960; x_wconf 89' lang='lat' dir='ltr'>rursus</span> <span class='ocrx_word' id='word_1_128' title='bbox 531 1895 565 1958; x_wconf 89' lang='lat' dir='ltr'>in</span> <span class='ocrx_word' id='word_1_129' title='bbox 600 1895 778 1960; x_wconf 77' lang='lat' dir='ltr'>libertatem</span> <span class='ocrx_word' id='word_1_130' title='bbox 813 1917 976 1962; x_wconf 80' lang='lat' dir='ltr'>assereres</span> <span class='ocrx_word' id='word_1_131' title='bbox 1022 1895 1180 1962; x_wconf 76' lang='lat' dir='ltr'>Callidum</span> 
     </span>
     <span class='ocr_line' id='line_1_16' title="bbox 13 1996 1180 2086; baseline 0.009 -28"><span class='ocrx_word' id='word_1_132' title='bbox 13 2037 15 2086; x_wconf 64' lang='lat' dir='ltr'>i</span> <span class='ocrx_word' id='word_1_133' title='bbox 53 1996 130 2062; x_wconf 90' lang='lat' dir='ltr'>luisse</span> <span class='ocrx_word' id='word_1_134' title='bbox 150 2005 278 2085; x_wconf 88' lang='lat' dir='ltr'>oportet</span> <span class='ocrx_word' id='word_1_135' title='bbox 300 2022 335 2066; x_wconf 84' lang='lat' dir='ltr'>ac</span> <span class='ocrx_word' id='word_1_136' title='bbox 357 2001 548 2065; x_wconf 81' lang='lat' dir='ltr'>mirabiliter</span> <span class='ocrx_word' id='word_1_137' title='bbox 570 2000 736 2084; x_wconf 83' lang='lat' dir='ltr'>providum</span> <span class='ocrx_word' id='word_1_138' title='bbox 759 1999 925 2077; x_wconf 80' lang='lat' dir='ltr'>Satenem,</span> <span class='ocrx_word' id='word_1_139' title='bbox 959 2001 1014 2084; x_wconf 88' lang='lat' dir='ltr'>qui</span> <span class='ocrx_word' id='word_1_140' title='bbox 1046 2023 1112 2067; x_wconf 88' lang='lat' dir='ltr'>rem</span> <span class='ocrx_word' id='word_1_141' title='bbox 1144 2023 1180 2068; x_wconf 86' lang='lat' dir='ltr'>eo</span> 
     </span>
     <span class='ocr_line' id='line_1_17' title="bbox 13 2091 1181 2192; baseline 0.003 -26"><span class='ocrx_word' id='word_1_142' title='bbox 13 2091 15 2184; x_wconf 49' lang='grc' dir='ltr'>ζ</span> <span class='ocrx_word' id='word_1_143' title='bbox 52 2102 167 2172; x_wconf 82' lang='lat' dir='ltr'>deduxit.</span> <span class='ocrx_word' id='word_1_144' title='bbox 214 2104 475 2192; x_wconf 80' lang='lat' dir='ltr'>Investigandum</span> <span class='ocrx_word' id='word_1_145' title='bbox 500 2109 548 2170; x_wconf 88' lang='lat' dir='ltr'>est</span> <span class='ocrx_word' id='word_1_146' title='bbox 570 2105 679 2189; x_wconf 82' lang='lat' dir='ltr'>igitur,</span> <span class='ocrx_word' id='word_1_147' title='bbox 703 2125 772 2189; x_wconf 86' lang='lat' dir='ltr'>quae</span> <span class='ocrx_word' id='word_1_148' title='bbox 794 2106 836 2169; x_wconf 88' lang='lat' dir='ltr'>sit</span> <span class='ocrx_word' id='word_1_149' title='bbox 859 2104 952 2188; x_wconf 87' lang='lat' dir='ltr'>hujus</span> <span class='ocrx_word' id='word_1_150' title='bbox 970 2106 1181 2189; x_wconf 81' lang='lat' dir='ltr'>jurisjurandi</span> 
     </span>
     <span class='ocr_line' id='line_1_18' title="bbox 13 2208 1183 2296; baseline 0.007 -28"><span class='ocrx_word' id='word_1_151' title='bbox 13 2251 15 2296; x_wconf 71' lang='lat'>1</span> <span class='ocrx_word' id='word_1_152' title='bbox 52 2208 124 2288; x_wconf 79' lang='lat' dir='ltr'>ratic,</span> <span class='ocrx_word' id='word_1_153' title='bbox 146 2211 304 2294; x_wconf 88' lang='lat' dir='ltr'>quomodo</span> <span class='ocrx_word' id='word_1_154' title='bbox 327 2216 438 2276; x_wconf 84' lang='lat' dir='ltr'>natum</span> <span class='ocrx_word' id='word_1_155' title='bbox 461 2211 503 2275; x_wconf 89' lang='lat' dir='ltr'>sit</span> <span class='ocrx_word' id='word_1_156' title='bbox 519 2215 551 2274; x_wconf 89' lang='lat' dir='ltr'>et</span> <span class='ocrx_word' id='word_1_157' title='bbox 564 2213 772 2293; x_wconf 69' lang='lat' dir='ltr'>usurpatum</span> <span class='ocrx_word' id='word_1_158' title='bbox 797 2231 834 2275; x_wconf 84' lang='lat' dir='ltr'>ex</span> <span class='ocrx_word' id='word_1_159' title='bbox 849 2232 886 2274; x_wconf 89' lang='lat' dir='ltr'>eo</span> <span class='ocrx_word' id='word_1_160' title='bbox 901 2215 1011 2294; x_wconf 83' lang='lat' dir='ltr'>postes</span> <span class='ocrx_word' id='word_1_161' title='bbox 1027 2211 1183 2295; x_wconf 87' lang='lat' dir='ltr'>liquidum</span> 
     </span>
     <span class='ocr_line' id='line_1_19' title="bbox 13 2330 618 2372; baseline 0.005 -6"><span class='ocrx_word' id='word_1_162' title='bbox 13 2331 15 2372; x_wconf 70' lang='lat'><strong><em>÷</em></strong></span> <span class='ocrx_word' id='word_1_163' title='bbox 592 2330 618 2369; x_wconf 71' lang='lat' dir='ltr'>s</span> 
     </span>
     <span class='ocr_line' id='line_1_20' title="bbox 13 2373 1177 2505; baseline 0.009 -27"><span class='ocrx_word' id='word_1_164' title='bbox 13 2373 15 2448; x_wconf 64' lang='lat' dir='ltr'>i</span> <span class='ocrx_word' id='word_1_165' title='bbox 51 2415 122 2481; x_wconf 87' lang='lat' dir='ltr'>dweil</span> <span class='ocrx_word' id='word_1_166' title='bbox 144 2419 194 2484; x_wconf 92' lang='lat' dir='ltr'>die</span> <span class='ocrx_word' id='word_1_167' title='bbox 216 2419 420 2505; x_wconf 83' lang='lat' dir='ltr'>gelegenheit</span> <span class='ocrx_word' id='word_1_168' title='bbox 441 2420 505 2483; x_wconf 89' lang='lat' dir='ltr'>und</span> <span class='ocrx_word' id='word_1_169' title='bbox 528 2420 645 2504; x_wconf 81' lang='lat' dir='ltr'>gestslt</span> <span class='ocrx_word' id='word_1_170' title='bbox 666 2420 720 2485; x_wconf 88' lang='lat' dir='ltr'>des</span> <span class='ocrx_word' id='word_1_171' title='bbox 742 2419 938 2505; x_wconf 82' lang='lat' dir='ltr'>Arguments</span> <span class='ocrx_word' id='word_1_172' title='bbox 960 2418 1095 2502; x_wconf 87' lang='lat' dir='ltr'>fordert‚</span> <span class='ocrx_word' id='word_1_173' title='bbox 1119 2445 1177 2488; x_wconf 83' lang='lat' dir='ltr'>en·</span> 
     </span>
     <span class='ocr_line' id='line_1_21' title="bbox 13 2521 1112 2610; baseline 0.005 -27"><span class='ocrx_word' id='word_1_174' title='bbox 13 2573 15 2610; x_wconf 47' lang='lat'>3</span> <span class='ocrx_word' id='word_1_175' title='bbox 50 2521 165 2608; x_wconf 83' lang='lat' dir='ltr'>zeigung</span> <span class='ocrx_word' id='word_1_176' title='bbox 188 2524 361 2588; x_wconf 84' lang='lat' dir='ltr'>derhslben</span> <span class='ocrx_word' id='word_1_177' title='bbox 385 2528 423 2589; x_wconf 79' lang='lat' dir='ltr'>nir</span> <span class='ocrx_word' id='word_1_178' title='bbox 445 2524 561 2587; x_wconf 91' lang='lat' dir='ltr'>thun.-</span> <span class='ocrx_word' id='word_1_179' title='bbox 1111 2555 1112 2560; x_wconf 43' lang='lat'>¹</span> 
     </span>
     <span class='ocr_line' id='line_1_22' title="bbox 118 2625 1180 2717; baseline 0.007 -26.28"><span class='ocrx_word' id='word_1_180' title='bbox 118 2625 160 2691; x_wconf 78' lang='lat' dir='ltr'>Es</span> <span class='ocrx_word' id='word_1_181' title='bbox 187 2627 247 2692; x_wconf 87' lang='lat' dir='ltr'>hst</span> <span class='ocrx_word' id='word_1_182' title='bbox 271 2627 334 2693; x_wconf 83' lang='lat' dir='ltr'>Got</span> <span class='ocrx_word' id='word_1_183' title='bbox 356 2629 411 2692; x_wconf 87' lang='lat' dir='ltr'>der</span> <span class='ocrx_word' id='word_1_184' title='bbox 443 2626 633 2712; x_wconf 80' lang='lat' dir='ltr'>almechtig‚</span> <span class='ocrx_word' id='word_1_185' title='bbox 667 2629 768 2692; x_wconf 89' lang='lat' dir='ltr'>neben</span> <span class='ocrx_word' id='word_1_186' title='bbox 800 2651 835 2694; x_wconf 91' lang='lat' dir='ltr'>so</span> <span class='ocrx_word' id='word_1_187' title='bbox 866 2629 911 2694; x_wconf 85' lang='lat' dir='ltr'>vil</span> <span class='ocrx_word' id='word_1_188' title='bbox 933 2630 1180 2717; x_wconf 77' lang='lat' dir='ltr'>Kdnigreichen,</span> 
     </span>
     <span class='ocr_line' id='line_1_23' title="bbox 13 2725 1183 2822; baseline 0.009 -30"><span class='ocrx_word' id='word_1_189' title='bbox 13 2725 14 2740; x_wconf 57' lang='lat'>¹</span> <span class='ocrx_word' id='word_1_190' title='bbox 48 2728 132 2796; x_wconf 79' lang='lat' dir='ltr'>llll.</span> <span class='ocrx_word' id='word_1_191' title='bbox 158 2733 242 2798; x_wconf 86' lang='lat' dir='ltr'>such</span> <span class='ocrx_word' id='word_1_192' title='bbox 266 2734 327 2796; x_wconf 90' lang='lat' dir='ltr'>mit</span> <span class='ocrx_word' id='word_1_193' title='bbox 347 2733 470 2798; x_wconf 85' lang='lat' dir='ltr'>solcher</span> <span class='ocrx_word' id='word_1_194' title='bbox 492 2734 653 2797; x_wconf 88' lang='lat' dir='ltr'>vernunfft</span> <span class='ocrx_word' id='word_1_195' title='bbox 677 2734 741 2797; x_wconf 90' lang='lat' dir='ltr'>und</span> <span class='ocrx_word' id='word_1_196' title='bbox 772 2735 920 2800; x_wconf 85' lang='lat' dir='ltr'>verstsnd</span> <span class='ocrx_word' id='word_1_197' title='bbox 956 2735 1092 2822; x_wconf 83' lang='lat' dir='ltr'>begsbt,</span> <span class='ocrx_word' id='word_1_198' title='bbox 1128 2740 1183 2803; x_wconf 85' lang='lat' dir='ltr'>des</span> 
     </span>
     <span class='ocr_line' id='line_1_24' title="bbox 47 2831 1182 2922; baseline 0.011 -26"><span class='ocrx_word' id='word_1_199' title='bbox 47 2831 73 2898; x_wconf 88' lang='lat' dir='ltr'>ll.</span> <span class='ocrx_word' id='word_1_200' title='bbox 87 2835 125 2900; x_wconf 90' lang='grc' dir='ltr'>Μ.</span> <span class='ocrx_word' id='word_1_201' title='bbox 149 2839 252 2902; x_wconf 88' lang='lat' dir='ltr'>under</span> <span class='ocrx_word' id='word_1_202' title='bbox 268 2839 405 2902; x_wconf 79' lang='lat' dir='ltr'>anderen</span> <span class='ocrx_word' id='word_1_203' title='bbox 421 2836 662 2903; x_wconf 76' lang='lat' dir='ltr'>hochltblichen</span> <span class='ocrx_word' id='word_1_204' title='bbox 678 2838 868 2904; x_wconf 76' lang='lat' dir='ltr'>Rdrnischen</span> <span class='ocrx_word' id='word_1_205' title='bbox 886 2841 1046 2922; x_wconf 89' lang='lat' dir='ltr'>Keiseren,</span> <span class='ocrx_word' id='word_1_206' title='bbox 1071 2843 1182 2918; x_wconf 90' lang='lat' dir='ltr'>billich</span> 
     </span>
     <span class='ocr_line' id='line_1_25' title="bbox 47 2937 1183 3028; baseline 0.009 -25"><span class='ocrx_word' id='word_1_207' title='bbox 47 2960 106 3025; x_wconf 85' lang='lat' dir='ltr'>mag</span> <span class='ocrx_word' id='word_1_208' title='bbox 126 2937 297 3028; x_wconf 79' lang='lat' dir='ltr'>gerhdmet</span> <span class='ocrx_word' id='word_1_209' title='bbox 318 2945 383 3007; x_wconf 89' lang='lat' dir='ltr'>und</span> <span class='ocrx_word' id='word_1_210' title='bbox 406 2943 553 3028; x_wconf 86' lang='lat' dir='ltr'>geprisen</span> <span class='ocrx_word' id='word_1_211' title='bbox 577 2944 710 3009; x_wconf 85' lang='lat' dir='ltr'>werden.</span> <span class='ocrx_word' id='word_1_212' title='bbox 757 2943 804 3008; x_wconf 86' lang='lat' dir='ltr'>[st</span> <span class='ocrx_word' id='word_1_213' title='bbox 833 2945 1002 3012; x_wconf 85' lang='lat' dir='ltr'>derhalben</span> <span class='ocrx_word' id='word_1_214' title='bbox 1035 2949 1183 3014; x_wconf 79' lang='lat' dir='ltr'>hdchlich</span> 
     </span>
     <span class='ocr_line' id='line_1_26' title="bbox 46 3046 1183 3134; baseline 0.012 -29"><span class='ocrx_word' id='word_1_215' title='bbox 46 3047 74 3108; x_wconf 84' lang='lat' dir='ltr'>zi</span> <span class='ocrx_word' id='word_1_216' title='bbox 92 3048 326 3126; x_wconf 83' lang='lat' dir='ltr'>verwunderen,</span> <span class='ocrx_word' id='word_1_217' title='bbox 350 3047 492 3111; x_wconf 84' lang='lat' dir='ltr'>warumb</span> <span class='ocrx_word' id='word_1_218' title='bbox 506 3046 542 3110; x_wconf 81' lang='grc' dir='ltr'>Ε.</span> <span class='ocrx_word' id='word_1_219' title='bbox 559 3047 603 3112; x_wconf 90' lang='grc' dir='ltr'>Μ.</span> <span class='ocrx_word' id='word_1_220' title='bbox 628 3048 745 3112; x_wconf 88' lang='lat' dir='ltr'>seither</span> <span class='ocrx_word' id='word_1_221' title='bbox 767 3070 802 3113; x_wconf 92' lang='lat' dir='ltr'>so</span> <span class='ocrx_word' id='word_1_222' title='bbox 826 3051 870 3115; x_wconf 86' lang='lat' dir='ltr'>vil</span> <span class='ocrx_word' id='word_1_223' title='bbox 889 3051 994 3134; x_wconf 81' lang='lat' dir='ltr'>jeren,</span> <span class='ocrx_word' id='word_1_224' title='bbox 1016 3054 1065 3117; x_wconf 91' lang='lat' dir='ltr'>nit</span> <span class='ocrx_word' id='word_1_225' title='bbox 1087 3057 1183 3118; x_wconf 84' lang='lat' dir='ltr'>etwas</span> 
     </span>
     <span class='ocr_line' id='line_1_27' title="bbox 47 3149 1183 3239; baseline 0.011 -29"><span class='ocrx_word' id='word_1_226' title='bbox 47 3149 121 3214; x_wconf 85' lang='lat' dir='ltr'>mehr</span> <span class='ocrx_word' id='word_1_227' title='bbox 142 3153 209 3216; x_wconf 87' lang='lat' dir='ltr'>und</span> <span class='ocrx_word' id='word_1_228' title='bbox 233 3153 348 3230; x_wconf 85' lang='lat' dir='ltr'>freier,</span> <span class='ocrx_word' id='word_1_229' title='bbox 371 3153 406 3216; x_wconf 92' lang='lat' dir='ltr'>in</span> <span class='ocrx_word' id='word_1_230' title='bbox 429 3152 512 3217; x_wconf 88' lang='lat' dir='ltr'>diser</span> <span class='ocrx_word' id='word_1_231' title='bbox 534 3153 649 3217; x_wconf 81' lang='lat' dir='ltr'>eschen</span> <span class='ocrx_word' id='word_1_232' title='bbox 673 3154 844 3239; x_wconf 83' lang='lat' dir='ltr'>gehsndclt</span> <span class='ocrx_word' id='word_1_233' title='bbox 866 3156 938 3234; x_wconf 83' lang='lat' dir='ltr'>het,</span> <span class='ocrx_word' id='word_1_234' title='bbox 963 3157 1054 3221; x_wconf 89' lang='lat' dir='ltr'>dweil</span> <span class='ocrx_word' id='word_1_235' title='bbox 1078 3181 1109 3221; x_wconf 88' lang='lat' dir='ltr'>es</span> <span class='ocrx_word' id='word_1_236' title='bbox 1133 3160 1183 3222; x_wconf 88' lang='lat' dir='ltr'>nit</span> 
     </span>
     <span class='ocr_line' id='line_1_28' title="bbox 45 3256 1183 3345; baseline 0.011 -31"><span class='ocrx_word' id='word_1_237' title='bbox 45 3256 94 3317; x_wconf 88' lang='lat' dir='ltr'>wcl</span> <span class='ocrx_word' id='word_1_238' title='bbox 114 3259 228 3322; x_wconf 79' lang='lat' dir='ltr'>andere</span> <span class='ocrx_word' id='word_1_239' title='bbox 252 3258 391 3342; x_wconf 77' lang='lat' dir='ltr'>mdglich</span> <span class='ocrx_word' id='word_1_240' title='bbox 415 3259 466 3337; x_wconf 89' lang='lat' dir='ltr'>ist,</span> <span class='ocrx_word' id='word_1_241' title='bbox 491 3258 526 3323; x_wconf 77' lang='lat' dir='ltr'>E.</span> <span class='ocrx_word' id='word_1_242' title='bbox 543 3257 586 3322; x_wconf 91' lang='lat' dir='ltr'>M.</span> <span class='ocrx_word' id='word_1_243' title='bbox 604 3262 674 3323; x_wconf 81' lang='lat' dir='ltr'>nrds</span> <span class='ocrx_word' id='word_1_244' title='bbox 693 3260 810 3322; x_wconf 86' lang='lat' dir='ltr'>seither</span> <span class='ocrx_word' id='word_1_245' title='bbox 824 3260 869 3325; x_wconf 88' lang='lat' dir='ltr'>vil</span> <span class='ocrx_word' id='word_1_246' title='bbox 884 3260 978 3345; x_wconf 84' lang='lat' dir='ltr'>dings</span> <span class='ocrx_word' id='word_1_247' title='bbox 994 3263 1183 3345; x_wconf 80' lang='lat' dir='ltr'>gemerclret,</span> 
     </span>
     <span class='ocr_line' id='line_1_29' title="bbox 46 3359 1183 3441; baseline 0.011 -20"><span class='ocrx_word' id='word_1_248' title='bbox 46 3359 172 3441; x_wconf 86' lang='lat' dir='ltr'>gelernet</span> <span class='ocrx_word' id='word_1_249' title='bbox 208 3361 275 3426; x_wconf 86' lang='lat' dir='ltr'>und</span> <span class='ocrx_word' id='word_1_250' title='bbox 309 3363 456 3428; x_wconf 82' lang='lat' dir='ltr'>erfshren</span> <span class='ocrx_word' id='word_1_251' title='bbox 487 3363 599 3428; x_wconf 81' lang='lat' dir='ltr'>haben.</span> <span class='ocrx_word' id='word_1_252' title='bbox 646 3363 708 3428; x_wconf 89' lang='lat' dir='ltr'>Wo</span> <span class='ocrx_word' id='word_1_253' title='bbox 741 3387 785 3428; x_wconf 85' lang='lat' dir='ltr'>nn</span> <span class='ocrx_word' id='word_1_254' title='bbox 815 3366 984 3430; x_wconf 85' lang='lat' dir='ltr'>eusserlieh</span> <span class='ocrx_word' id='word_1_255' title='bbox 1007 3366 1119 3430; x_wconf 78' lang='lat' dir='ltr'>hieron</span> <span class='ocrx_word' id='word_1_256' title='bbox 1145 3373 1183 3434; x_wconf 81' lang='lat' dir='ltr'>zd</span> 
     </span>
     <span class='ocr_line' id='line_1_30' title="bbox 45 3465 1184 3553; baseline 0.011 -30"><span class='ocrx_word' id='word_1_257' title='bbox 45 3465 123 3530; x_wconf 90' lang='lat' dir='ltr'>reden</span> <span class='ocrx_word' id='word_1_258' title='bbox 145 3469 189 3532; x_wconf 86' lang='lat' dir='ltr'>ist</span> <span class='ocrx_word' id='word_1_259' title='bbox 214 3468 314 3552; x_wconf 84' lang='lat' dir='ltr'>(dens</span> <span class='ocrx_word' id='word_1_260' title='bbox 331 3467 393 3532; x_wconf 76' lang='lat' dir='ltr'>Gor</span> <span class='ocrx_word' id='word_1_261' title='bbox 416 3469 474 3532; x_wconf 82' lang='lat' dir='ltr'>hat</span> <span class='ocrx_word' id='word_1_262' title='bbox 494 3491 607 3533; x_wconf 88' lang='lat' dir='ltr'>unsere</span> <span class='ocrx_word' id='word_1_263' title='bbox 630 3468 810 3553; x_wconf 82' lang='lat' dir='ltr'>gedanchen</span> <span class='ocrx_word' id='word_1_264' title='bbox 836 3471 898 3534; x_wconf 89' lang='lat' dir='ltr'>und</span> <span class='ocrx_word' id='word_1_265' title='bbox 923 3471 999 3534; x_wconf 83' lang='lat' dir='ltr'>alles</span> <span class='ocrx_word' id='word_1_266' title='bbox 1023 3471 1056 3532; x_wconf 91' lang='lat' dir='ltr'>in</span> <span class='ocrx_word' id='word_1_267' title='bbox 1080 3472 1184 3536; x_wconf 88' lang='lat' dir='ltr'>seiner</span> 
     </span>
     <span class='ocr_line' id='line_1_31' title="bbox 45 3566 1183 3658; baseline 0.009 -28"><span class='ocrx_word' id='word_1_268' title='bbox 45 3566 127 3655; x_wconf 86' lang='lat' dir='ltr'>hend)</span> <span class='ocrx_word' id='word_1_269' title='bbox 149 3593 185 3636; x_wconf 86' lang='lat' dir='ltr'>so</span> <span class='ocrx_word' id='word_1_270' title='bbox 209 3573 353 3636; x_wconf 85' lang='lat' dir='ltr'>schcinet</span> <span class='ocrx_word' id='word_1_271' title='bbox 375 3595 408 3636; x_wconf 88' lang='lat' dir='ltr'>es</span> <span class='ocrx_word' id='word_1_272' title='bbox 431 3573 497 3636; x_wconf 90' lang='lat' dir='ltr'>und</span> <span class='ocrx_word' id='word_1_273' title='bbox 519 3572 576 3636; x_wconf 81' lang='lat' dir='ltr'>het</span> <span class='ocrx_word' id='word_1_274' title='bbox 598 3572 670 3654; x_wconf 80' lang='lat'>[27]</span> <span class='ocrx_word' id='word_1_275' title='bbox 700 3595 809 3658; x_wconf 84' lang='lat' dir='ltr'>grosse</span> <span class='ocrx_word' id='word_1_276' title='bbox 842 3577 1054 3658; x_wconf 80' lang='lat' dir='ltr'>vermdtnng,</span> <span class='ocrx_word' id='word_1_277' title='bbox 1091 3575 1183 3640; x_wconf 89' lang='lat' dir='ltr'>dweil</span> 
     </span>
     <span class='ocr_line' id='line_1_32' title="bbox 44 3671 1183 3762; baseline 0.008 -28"><span class='ocrx_word' id='word_1_278' title='bbox 44 3671 72 3734; x_wconf 84' lang='lat' dir='ltr'>ll.</span> <span class='ocrx_word' id='word_1_279' title='bbox 93 3676 132 3740; x_wconf 89' lang='lat' dir='ltr'>M.</span> <span class='ocrx_word' id='word_1_280' title='bbox 157 3678 231 3742; x_wconf 88' lang='lat' dir='ltr'>dem</span> <span class='ocrx_word' id='word_1_281' title='bbox 254 3677 355 3761; x_wconf 85' lang='lat' dir='ltr'>Bapst</span> <span class='ocrx_word' id='word_1_282' title='bbox 378 3679 437 3742; x_wconf 85' lang='lat' dir='ltr'>mit</span> <span class='ocrx_word' id='word_1_283' title='bbox 460 3676 520 3741; x_wconf 82' lang='lat' dir='ltr'>Eid</span> <span class='ocrx_word' id='word_1_284' title='bbox 543 3678 701 3762; x_wconf 80' lang='lat' dir='ltr'>zrlgethon</span> <span class='ocrx_word' id='word_1_285' title='bbox 726 3679 790 3758; x_wconf 80' lang='lat' dir='ltr'>ist,</span> <span class='ocrx_word' id='word_1_286' title='bbox 816 3681 880 3743; x_wconf 90' lang='lat' dir='ltr'>und</span> <span class='ocrx_word' id='word_1_287' title='bbox 914 3678 968 3742; x_wconf 81' lang='lat' dir='ltr'>das</span> <span class='ocrx_word' id='word_1_288' title='bbox 998 3679 1042 3741; x_wconf 89' lang='lat' dir='ltr'>sie</span> <span class='ocrx_word' id='word_1_289' title='bbox 1066 3700 1106 3742; x_wconf 89' lang='lat' dir='ltr'>on</span> <span class='ocrx_word' id='word_1_290' title='bbox 1130 3679 1183 3744; x_wconf 89' lang='lat' dir='ltr'>des</span> 
     </span>
     <span class='ocr_line' id='line_1_33' title="bbox 46 3776 1184 3867; baseline 0.006 -26"><span class='ocrx_word' id='word_1_291' title='bbox 46 3776 144 3864; x_wconf 78' lang='lat' dir='ltr'>Bspsts</span> <span class='ocrx_word' id='word_1_292' title='bbox 168 3782 310 3846; x_wconf 75' lang='lat' dir='ltr'>nachteil</span> <span class='ocrx_word' id='word_1_293' title='bbox 340 3781 405 3845; x_wconf 87' lang='lat' dir='ltr'>und</span> <span class='ocrx_word' id='word_1_294' title='bbox 430 3781 627 3867; x_wconf 79' lang='lat' dir='ltr'>misgelellen</span> <span class='ocrx_word' id='word_1_295' title='bbox 652 3783 754 3848; x_wconf 91' lang='lat' dir='ltr'>schier</span> <span class='ocrx_word' id='word_1_296' title='bbox 776 3784 866 3848; x_wconf 85' lang='lat' dir='ltr'>nichs</span> <span class='ocrx_word' id='word_1_297' title='bbox 889 3785 923 3848; x_wconf 89' lang='lat' dir='ltr'>in</span> <span class='ocrx_word' id='word_1_298' title='bbox 947 3783 1045 3848; x_wconf 81' lang='lat' dir='ltr'>disem</span> <span class='ocrx_word' id='word_1_299' title='bbox 1068 3784 1184 3848; x_wconf 80' lang='lat' dir='ltr'>handel</span> 
     </span>
     <span class='ocr_line' id='line_1_34' title="bbox 44 3881 1182 3974; baseline 0.006 -29"><span class='ocrx_word' id='word_1_300' title='bbox 44 3881 125 3952; x_wconf 83' lang='lat' dir='ltr'>rhren</span> <span class='ocrx_word' id='word_1_301' title='bbox 148 3888 233 3952; x_wconf 86' lang='lat' dir='ltr'>noeh</span> <span class='ocrx_word' id='word_1_302' title='bbox 254 3887 430 3972; x_wconf 80' lang='lat' dir='ltr'>angreiffen</span> <span class='ocrx_word' id='word_1_303' title='bbox 455 3887 527 3965; x_wconf 82' lang='lat' dir='ltr'>hen,</span> <span class='ocrx_word' id='word_1_304' title='bbox 551 3888 606 3952; x_wconf 84' lang='lat' dir='ltr'>des</span> <span class='ocrx_word' id='word_1_305' title='bbox 630 3889 735 3954; x_wconf 89' lang='lat' dir='ltr'>solchs</span> <span class='ocrx_word' id='word_1_306' title='bbox 750 3889 786 3954; x_wconf 85' lang='grc' dir='ltr'>Ε.</span> <span class='ocrx_word' id='word_1_307' title='bbox 803 3890 846 3954; x_wconf 90' lang='lat' dir='ltr'>M.</span> <span class='ocrx_word' id='word_1_308' title='bbox 872 3889 923 3953; x_wconf 93' lang='lat' dir='ltr'>nit</span> <span class='ocrx_word' id='word_1_309' title='bbox 944 3890 1047 3973; x_wconf 80' lang='lat' dir='ltr'>wenig</span> <span class='ocrx_word' id='word_1_310' title='bbox 1070 3890 1182 3974; x_wconf 77' lang='lat' dir='ltr'>enligt.</span> 
     </span>
     <span class='ocr_line' id='line_1_35' title="bbox 44 3987 1184 4071; baseline 0.004 -19"><span class='ocrx_word' id='word_1_311' title='bbox 44 3987 94 4055; x_wconf 88' lang='lat' dir='ltr'>Wo</span> <span class='ocrx_word' id='word_1_312' title='bbox 115 4016 159 4058; x_wconf 85' lang='lat' dir='ltr'>nu</span> <span class='ocrx_word' id='word_1_313' title='bbox 182 3993 256 4057; x_wconf 90' lang='lat' dir='ltr'>dem</span> <span class='ocrx_word' id='word_1_314' title='bbox 279 3993 346 4056; x_wconf 81' lang='lat' dir='ltr'>also</span> <span class='ocrx_word' id='word_1_315' title='bbox 370 3992 422 4071; x_wconf 88' lang='lat' dir='ltr'>ist,</span> <span class='ocrx_word' id='word_1_316' title='bbox 445 4015 526 4057; x_wconf 85' lang='lat' dir='ltr'>were</span> <span class='ocrx_word' id='word_1_317' title='bbox 548 3992 696 4058; x_wconf 80' lang='lat' dir='ltr'>hiichlich</span> <span class='ocrx_word' id='word_1_318' title='bbox 718 3999 756 4060; x_wconf 82' lang='lat' dir='ltr'>nh</span> <span class='ocrx_word' id='word_1_319' title='bbox 779 3994 958 4071; x_wconf 83' lang='lat' dir='ltr'>wtinschen,</span> <span class='ocrx_word' id='word_1_320' title='bbox 984 4017 1016 4058; x_wconf 92' lang='lat' dir='ltr'>es</span> <span class='ocrx_word' id='word_1_321' title='bbox 1038 3993 1093 4056; x_wconf 90' lang='lat' dir='ltr'>het</span> <span class='ocrx_word' id='word_1_322' title='bbox 1116 3993 1184 4057; x_wconf 89' lang='lat' dir='ltr'>sich</span> 
     </span>
     <span class='ocr_line' id='line_1_36' title="bbox 44 4091 1184 4184; baseline 0.008 -29"><span class='ocrx_word' id='word_1_323' title='bbox 44 4091 72 4156; x_wconf 81' lang='lat' dir='ltr'>ll.</span> <span class='ocrx_word' id='word_1_324' title='bbox 94 4096 134 4161; x_wconf 88' lang='grc' dir='ltr'>Μ.</span> <span class='ocrx_word' id='word_1_325' title='bbox 159 4119 218 4162; x_wconf 85' lang='lat' dir='ltr'>ens</span> <span class='ocrx_word' id='word_1_326' title='bbox 243 4097 342 4160; x_wconf 88' lang='lat' dir='ltr'>disem</span> <span class='ocrx_word' id='word_1_327' title='bbox 367 4098 573 4180; x_wconf 76' lang='lat' dir='ltr'>eigenthumb</span> <span class='ocrx_word' id='word_1_328' title='bbox 597 4099 749 4184; x_wconf 83' lang='lat' dir='ltr'>begeben,</span> <span class='ocrx_word' id='word_1_329' title='bbox 775 4100 840 4163; x_wconf 87' lang='lat' dir='ltr'>und</span> <span class='ocrx_word' id='word_1_330' title='bbox 863 4100 898 4162; x_wconf 91' lang='lat' dir='ltr'>in</span> <span class='ocrx_word' id='word_1_331' title='bbox 920 4099 1050 4162; x_wconf 87' lang='lat' dir='ltr'>freiheit</span> <span class='ocrx_word' id='word_1_332' title='bbox 1071 4099 1184 4164; x_wconf 89' lang='lat' dir='ltr'>wider-</span> 
     </span>
     <span class='ocr_line' id='line_1_37' title="bbox 42 4201 1183 4288; baseline 0.006 -28"><span class='ocrx_word' id='word_1_333' title='bbox 42 4202 107 4264; x_wconf 85' lang='lat' dir='ltr'>unrb</span> <span class='ocrx_word' id='word_1_334' title='bbox 121 4207 266 4267; x_wconf 88' lang='lat' dir='ltr'>errettet.</span> <span class='ocrx_word' id='word_1_335' title='bbox 299 4201 339 4265; x_wconf 84' lang='lat' dir='ltr'>lls</span> <span class='ocrx_word' id='word_1_336' title='bbox 361 4206 433 4267; x_wconf 80' lang='lat' dir='ltr'>mds</span> <span class='ocrx_word' id='word_1_337' title='bbox 457 4201 582 4267; x_wconf 84' lang='lat' dir='ltr'>freilich</span> <span class='ocrx_word' id='word_1_338' title='bbox 605 4203 655 4266; x_wconf 88' lang='lat' dir='ltr'>ein</span> <span class='ocrx_word' id='word_1_339' title='bbox 681 4204 804 4288; x_wconf 83' lang='lat' dir='ltr'>listiger</span> <span class='ocrx_word' id='word_1_340' title='bbox 819 4203 915 4267; x_wconf 79' lang='lat' dir='ltr'>Satan</span> <span class='ocrx_word' id='word_1_341' title='bbox 939 4225 1080 4286; x_wconf 83' lang='lat' dir='ltr'>gewesen</span> <span class='ocrx_word' id='word_1_342' title='bbox 1104 4207 1183 4282; x_wconf 87' lang='lat' dir='ltr'>sein,</span> 
     </span>
     <span class='ocr_line' id='line_1_38' title="bbox 43 4301 1185 4393; baseline 0.007 -29"><span class='ocrx_word' id='word_1_343' title='bbox 43 4301 89 4366; x_wconf 85' lang='lat' dir='ltr'>der</span> <span class='ocrx_word' id='word_1_344' title='bbox 108 4311 145 4370; x_wconf 84' lang='lat' dir='ltr'>es&#39;</span> <span class='ocrx_word' id='word_1_345' title='bbox 163 4307 263 4371; x_wconf 85' lang='lat' dir='ltr'>dshin</span> <span class='ocrx_word' id='word_1_346' title='bbox 296 4308 461 4389; x_wconf 82' lang='lat' dir='ltr'>practicirt</span> <span class='ocrx_word' id='word_1_347' title='bbox 492 4308 556 4372; x_wconf 79' lang='lat' dir='ltr'>hat.</span> <span class='ocrx_word' id='word_1_348' title='bbox 604 4307 746 4373; x_wconf 82' lang='lat' dir='ltr'>Derurnb</span> <span class='ocrx_word' id='word_1_349' title='bbox 776 4309 834 4372; x_wconf 88' lang='lat' dir='ltr'>ists</span> <span class='ocrx_word' id='word_1_350' title='bbox 866 4308 1039 4393; x_wconf 80' lang='lat' dir='ltr'>hochndtig</span> <span class='ocrx_word' id='word_1_351' title='bbox 1067 4313 1105 4374; x_wconf 81' lang='lat' dir='ltr'>nd</span> <span class='ocrx_word' id='word_1_352' title='bbox 1136 4331 1185 4373; x_wconf 86' lang='lat' dir='ltr'>er·</span> 
     </span>
     <span class='ocr_line' id='line_1_39' title="bbox 42 4412 1185 4500; baseline 0.01 -30"><span class='ocrx_word' id='word_1_353' title='bbox 42 4429 155 4496; x_wconf 80' lang='lat' dir='ltr'>wegen,</span> <span class='ocrx_word' id='word_1_354' title='bbox 188 4414 249 4478; x_wconf 89' lang='lat' dir='ltr'>wie</span> <span class='ocrx_word' id='word_1_355' title='bbox 272 4435 305 4476; x_wconf 91' lang='lat' dir='ltr'>es</span> <span class='ocrx_word' id='word_1_356' title='bbox 327 4414 404 4478; x_wconf 89' lang='lat' dir='ltr'>umb</span> <span class='ocrx_word' id='word_1_357' title='bbox 427 4415 517 4478; x_wconf 86' lang='lat' dir='ltr'>disen</span> <span class='ocrx_word' id='word_1_358' title='bbox 537 4412 597 4478; x_wconf 72' lang='lat' dir='ltr'>nid</span> <span class='ocrx_word' id='word_1_359' title='bbox 621 4415 689 4478; x_wconf 91' lang='lat' dir='ltr'>eine</span> <span class='ocrx_word' id='word_1_360' title='bbox 712 4413 830 4500; x_wconf 80' lang='lat' dir='ltr'>gestelt</span> <span class='ocrx_word' id='word_1_361' title='bbox 861 4414 963 4479; x_wconf 81' lang='lat' dir='ltr'>haben</span> <span class='ocrx_word' id='word_1_362' title='bbox 995 4435 1084 4500; x_wconf 82' lang='lat' dir='ltr'>mag,</span> <span class='ocrx_word' id='word_1_363' title='bbox 1120 4413 1185 4482; x_wconf 82' lang='lat' dir='ltr'>und</span> 
     </span>
    </p>
   </div>
   <div class='ocr_carea' id='block_1_4' title="bbox 0 0 1456 4996">
    <p class='ocr_par' dir='ltr' id='par_1_4' title="bbox 0 0 1456 4996">
     <span class='ocr_line' id='line_1_40' title="bbox 0 0 1456 4996; baseline 0 1"><span class='ocrx_word' id='word_1_364' title='bbox 0 0 1456 4996; x_wconf 95' lang='lat' dir='ltr'> </span> 
     </span>
    </p>
   </div>
  </div>
 </body>
</html>
