2902 4996
814 315 877 380 144

267 485 406 553 Maxime
428 488 551 554 servilis
575 493 607 553 et
630 489 843 575 ignominiosa
871 492 939 556 rita
968 491 1050 569 fuit,
1084 515 1179 577 quam
1210 493 1269 558 sub
1288 494 1293 576 1
1312 494 1405 578 ponti·

267 592 362 658 fiuatu
386 594 540 674 Romane,
563 595 622 660 sub
645 596 775 660 domina
798 597 962 662 meretrice
984 597 1130 661 viximus.
1177 597 1236 662 llle
1258 622 1330 664 vero
1352 622 1404 664 non

267 700 416 763 tractavit
439 722 512 778 nos,
540 704 576 765 ut
598 721 687 765 erum
712 701 875 766 liberalem
897 706 929 766 et
951 703 1149 766 moderatum
1172 703 1277 782 decet,
1310 727 1404 769 verum

267 803 373 870 affecit
395 827 453 870 nos
475 807 579 871 omnis
602 807 727 891 generis
749 809 952 886 contumelia,
976 811 1009 872 et
1031 829 1127 872 onera
1148 809 1240 872 nobis
1257 809 1403 893 imposuit,

267 910 497 994 qualiacunque
520 911 630 990 voluit,
655 933 719 977 non
735 933 823 976 secus
840 917 935 996 atque
950 913 1054 977 brutis
1070 913 1296 978 animantibus.
1326 913 1404 978 Nihil

267 1016 366 1080 movit
389 1037 460 1080 eum
484 1001 597 1082 nostra⁸
613 1021 683 1082 tum
699 1017 826 1082 inscitia
841 1021 911 1082 tum
927 1018 1064 1095 miseria,
1088 1019 1139 1082 sed
1157 1039 1219 1101 quo
1234 1019 1403 1082 crassiorem

266 1120 301 1184 in
324 1121 416 1186 nobis
438 1121 675 1206 ignorationem
699 1122 915 1206 deprehendit,
944 1144 981 1186 eo
1004 1124 1155 1207 majorem
1178 1122 1241 1187 sibi
1264 1126 1403 1206 quaestum

266 1246 361 1289 ausus
384 1229 431 1290 est
452 1227 603 1310 polliceri,
650 1224 740 1303 dam,
773 1247 835 1309 quo
866 1229 1009 1309 tempore
1032 1225 1295 1290 nundinationem
1317 1227 1404 1305 illam,

266 1330 356 1414 cujus
379 1335 472 1396 antea
495 1331 717 1408 meminimus,
750 1353 808 1415 per
839 1330 923 1396 huuc
952 1335 1094 1396 nostrum
1128 1331 1236 1396 orbem
1266 1332 1404 1410 instituit,

267 1456 392 1500 necesse
415 1440 479 1514 est,
502 1437 606 1520 ipsum
630 1441 685 1502 aut
707 1437 789 1502 idem
813 1441 959 1522 putasse,
984 1438 1067 1521 quod
1090 1438 1214 1502 miseris
1236 1437 1404 1502 hominibus

268 1541 497 1623 persuadebat,
532 1543 664 1626 probam
695 1564 761 1606 esse
790 1542 934 1608 videlicet
967 1543 1049 1608 hanc
1071 1564 1206 1608 mercem
1230 1546 1263 1606 et
1285 1543 1403 1606 minime

268 1646 418 1726 fucatam,
443 1651 585 1712 autnon
609 1648 786 1734 ignorasse,
820 1648 964 1714 fraudem
988 1649 1021 1713 in
1045 1671 1081 1714 ea
1103 1649 1273 1714 maximam
1296 1671 1357 1714 esse
1377 1653 1404 1712 et

268 1751 525 1818 ludificationem.
571 1753 772 1819 Alterutrum
795 1759 832 1820 ut
861 1755 976 1841 eligat,
1007 1759 1141 1840 oportet.
1188 1753 1223 1820 Si
1245 1754 1403 1819 seriorem

268 1857 335 1942 egit
357 1861 389 1921 et
412 1879 449 1922 ex
472 1858 601 1938 animo,
636 1858 800 1924 fatendum
830 1859 912 1939 erit,
946 1860 1050 1943 ipsum
1081 1880 1153 1924 esre
1179 1881 1249 1923 vere
1272 1859 1403 1924 nativum

267 1962 336 2028 Ant
337 1961 447 2028 ichrist
432 1967 511 2041 tum,
535 1963 622 2047 cujus
646 1964 834 2029 auctoritate
857 1966 920 2028 et
907 1985 997 2048 Jussu
1020 1986 1069 2028 res
1089 1969 1156 2030 tam
1170 1968 1263 2028 taetra
1278 1963 1403 2048 primum

267 2072 316 2133 est
338 2068 526 2153 excogitata.
572 2067 630 2134 Sin
652 2074 758 2134 autem
781 2070 891 2134 ludum
913 2090 978 2134 esse
1001 2070 1126 2154 putavit
1147 2070 1233 2154 ipse,
1262 2069 1341 2153 quod
1363 2074 1404 2132 est

265 2170 479 2253 uerisimilius,
504 2177 678 2258 tyrannum
700 2177 738 2238 ut
760 2173 955 2258 appellemus
978 2196 1065 2252 eum,
1089 2178 1233 2258 oportet,
1262 2175 1402 2250 omnium,

832 2296 851 2332 lt

264 2385 332 2450 eins
351 2382 444 2469 jedeu
469 2382 598 2468 adchtig
621 2384 713 2448 erbar
735 2378 855 2469 geute.

353 2488 464 2555 Solche
488 2489 550 2554 leib
574 2489 638 2553 und
661 2490 817 2576 seeleigen
840 2491 911 2554 sind
928 2491 986 2555 wir
1003 2489 1083 2555 auch
1099 2491 1200 2554 under
1215 2491 1286 2554 dem
1299 2489 1400 2573 Bapst

263 2595 378 2660 thumb
400 2615 552 2680 genesen.
599 2592 641 2658 Es
673 2594 730 2658 hat
758 2597 833 2660 aber
856 2594 911 2659 der
933 2593 1034 2678 Bapst
1057 2594 1106 2658 nit
1128 2596 1188 2658 mit
1212 2617 1272 2660 uns
1294 2595 1401 2681 gehan-
1437 2637 1440 2664 ,

264 2701 349 2780 delt,
383 2699 442 2764 wie
464 2699 566 2764 einem
590 2699 761 2786 adchtigen
791 2701 924 2765 erbaren
954 2722 1053 2764 mann
1083 2700 1243 2779 zustehet,
1279 2701 1402 2766 scudem
1439 2755 1440 2790 3

264 2806 347 2872 allen
371 2805 549 2870 mdtwillen
571 2825 673 2893 gegen
696 2828 756 2870 uns
787 2805 1001 2891 gebrauchet,
1034 2806 1098 2869 und
1133 2828 1192 2870 uus
1227 2807 1277 2870 nit
1303 2807 1402 2870 anderu
1439 2813 1440 2844 l

263 2911 365 2976 weder
387 2911 473 2976 aeine
495 2910 586 2995 pferd
609 2910 674 2974 und
703 2909 872 2989 maulesel,
907 2911 981 2975 oder
1013 2909 1128 2974 andere
1155 2909 1403 2993 unverudufftige

263 3016 380 3082 thier
371 3038 404 3079 m
428 3016 488 3080 den
510 3016 625 3081 karren
649 3019 835 3100 gespaunet,
860 3015 904 3078 im
928 3015 1058 3098 allerley
1074 3013 1178 3078 dienst
1197 3015 1280 3080 nach
1296 3014 1439 3079 seinem

263 3121 401 3206 gesalleu
420 3124 457 3186 ιιι
473 3121 594 3186 laisten.
627 3119 693 3184 Ηιι
708 3118 776 3184 sich
800 3141 894 3184 unser
917 3117 1128 3184 schwachheit
1114 3121 1217 3184 tund
1240 3119 1402 3184 uuwissen-

261 3225 329 3291 hait
315 3232 408 3312 tgar
431 3227 481 3290 uit
504 3227 670 3303 erbarmet,
695 3225 808 3290 sunder
830 3225 939 3290 seinen
955 3229 1026 3288 vort
1013 3223 1092 3288 theil
1114 3224 1180 3288 und
1203 3229 1279 3290 nuta
1301 3197 1439 3288 (ιιιιιιι1

262 3331 463 3416 gesehdpffet.
440 3330 576 3396 tUnd
600 3331 646 3396 als
668 3352 702 3395 er
725 3330 902 3416 obgemelte
924 3330 1231 3394 kauffmanschafft
1222 3353 1257 3394 m
1273 3331 1323 3395 die
1338 3327 1401 3394 welt

262 3436 480 3516 ausschiclret,
515 3436 572 3502 hat
603 3459 652 3502 ers
684 3458 722 3500 en
725 3437 841 3502 tweder
863 3436 915 3500 fiir
938 3440 1015 3522 grite
983 3435 1126 3499 twahr
1148 3435 1317 3521 gahaiten,
1348 3431 1401 3497 uud

262 3542 416 3606 ernstliolr
431 3542 599 3628 gemeinet,
616 3544 691 3606 oder
707 3542 764 3606 hat
778 3542 862 3607 selbs
878 3543 979 3606 damit
994 3546 1154 3628 gespottet
1140 3541 1267 3609 tHat
1282 3562 1331 3606 ers
1346 3557 1438 3602 uun
1437 3571 1438 3636 p

261 3647 414 3712 ernstlich
436 3650 603 3734 gemeidet,
627 3671 662 3713 ιο
685 3670 755 3712 mus
778 3671 812 3712 er
835 3650 890 3713 der
910 3649 999 3712 recht
1014 3646 1187 3711 Endchrist
1209 3647 1289 3725 sein,
1312 3645 1399 3709 under

262 3753 407 3818 walchem
432 3754 553 3818 solcher
576 3755 691 3838 grewel
724 3758 779 3817 eut
765 3753 984 3818 tstandeut
942 3757 993 3816 ιιι.
1041 3752 1107 3817 Ηιι
1139 3773 1173 3815 er
1206 3751 1283 3816 aber
1314 3747 1400 3815 damit

262 3863 375 3944 gespot
376 3863 423 3923 ter
446 3858 518 3942 (wie
542 3881 574 3922 es
597 3861 681 3924 daun
705 3859 867 3945 glaublich
891 3859 946 3943 ist)
971 3881 1004 3923 so
1020 3865 1090 3923 mts
1107 3880 1141 3922 er
1153 3858 1187 3940 ja
1203 3859 1258 3922 der
1274 3856 1437 3943 grussed

260 3963 390 4048 Tyrann
414 3964 491 4043 sein,
516 3964 602 4028 der
593 3986 622 4028 re
646 3964 714 4028 auff
733 3966 827 4029 erden
851 3985 994 4050 geweseu
1018 3964 1074 4044 ist,
1110 3962 1271 4041 na'mlioh,
1304 3962 1355 4026 das
1374 3978 1399 4020 er
1436 3959 1437 3994 ³

259 4089 329 4146 uns,
353 4069 439 4134 seiae
454 4092 540 4134 armo
552 4071 616 4135 leib
633 4071 696 4134 und
713 4071 880 4156 seeleigen,
904 4071 954 4134 nit
970 4069 1064 4134 allein
1081 4070 1113 4132 in
1131 4069 1214 4132 diser
1230 4064 1398 4133 erschrdck·

259 4171 364 4237 lichen
393 4174 621 4241 unwissenheit
654 4177 819 4263 gelassen,
853 4177 918 4241 und
941 4178 1007 4240 siah
1030 4197 1141 4240 unsers
1163 4174 1286 4238 ellends
1309 4170 1398 4237 nichts

260 4281 438 4358 erbarmet,
467 4281 581 4350 sunder
603 4280 683 4345 auch
707 4281 761 4345 das
784 4302 818 4344 er
838 4281 980 4345 daueben
1005 4301 1099 4344 unser
1122 4279 1194 4343 blut
1216 4281 1283 4343 und
1306 4274 1398 4342 marck

259 4403 477 4470 ausgesogen,
501 4385 565 4449 das
597 4385 662 4463 ist,
696 4406 810 4448 unsere
832 4385 945 4449 kasten
966 4383 1133 4470 ausgefegt
1155 4383 1222 4448 hat.
1269 4379 1396 4449 Darumb
