<?xml version="1.0" encoding="UTF-8"?>
<!DOCTYPE html PUBLIC "-//W3C//DTD XHTML 1.0 Transitional//EN"
    "http://www.w3.org/TR/xhtml1/DTD/xhtml1-transitional.dtd">
<html xmlns="http://www.w3.org/1999/xhtml" xml:lang="en" lang="en">
 <head>
  <title>
</title>
<meta http-equiv="Content-Type" content="text/html;charset=utf-8" />
  <meta name='ocr-system' content='tesseract 3.04.00' />
  <meta name='ocr-capabilities' content='ocr_page ocr_carea ocr_par ocr_line ocrx_word'/>
</head>
<body>
  <div class='ocr_page' id='page_1' title='image "./zweiredenankais00bhgoog/zweiredenankais00bhgoog_0015.png"; bbox 0 0 2938 4988; ppageno 0'>
   <div class='ocr_carea' id='block_1_1' title="bbox 86 1779 914 1865">
    <p class='ocr_par' dir='ltr' id='par_1_1' title="bbox 86 1779 914 1865">
     <span class='ocr_line' id='line_1_1' title="bbox 86 1779 914 1865; baseline 0.013 -21"><span class='ocrx_word' id='word_1_1' title='bbox 86 1779 158 1865; x_wconf 70' lang='lat' dir='ltr'>[aij]</span> <span class='ocrx_word' id='word_1_2' title='bbox 370 1780 613 1854; x_wconf 81' lang='lat' dir='ltr'><strong>·JOANNES</strong></span> <span class='ocrx_word' id='word_1_3' title='bbox 643 1781 914 1856; x_wconf 77' lang='lat' dir='ltr'>Snnrnnnns</span> 
     </span>
    </p>
   </div>
   <div class='ocr_carea' id='block_1_2' title="bbox 546 1971 760 2043">
    <p class='ocr_par' dir='ltr' id='par_1_2' title="bbox 546 1971 760 2043">
     <span class='ocr_line' id='line_1_2' title="bbox 546 1971 760 2043; baseline 0 -7"><span class='ocrx_word' id='word_1_4' title='bbox 546 1971 657 2042; x_wconf 80' lang='lat' dir='ltr'>lentari</span> <span class='ocrx_word' id='word_1_5' title='bbox 680 1995 704 2043; x_wconf 75' lang='lat' dir='ltr'>s</span> <span class='ocrx_word' id='word_1_6' title='bbox 732 1972 760 2040; x_wconf 85' lang='lat' dir='ltr'>d.</span> 
     </span>
    </p>
   </div>
   <div class='ocr_carea' id='block_1_3' title="bbox 158 2179 1336 2272">
    <p class='ocr_par' dir='ltr' id='par_1_3' title="bbox 158 2179 1336 2272">
     <span class='ocr_line' id='line_1_3' title="bbox 158 2179 1336 2272; baseline 0.004 -26"><span class='ocrx_word' id='word_1_7' title='bbox 158 2179 298 2272; x_wconf 77' lang='lat' dir='ltr'>Seriptae</span> <span class='ocrx_word' id='word_1_8' title='bbox 320 2183 396 2247; x_wconf 87' lang='lat' dir='ltr'>sunt</span> <span class='ocrx_word' id='word_1_9' title='bbox 418 2202 438 2248; x_wconf 83' lang='lat' dir='ltr'>a</span> <span class='ocrx_word' id='word_1_10' title='bbox 459 2201 509 2248; x_wconf 87' lang='lat' dir='ltr'>me</span> <span class='ocrx_word' id='word_1_11' title='bbox 531 2181 644 2268; x_wconf 76' lang='lat' dir='ltr'>lingua</span> <span class='ocrx_word' id='word_1_12' title='bbox 660 2179 847 2250; x_wconf 78' lang='lat' dir='ltr'>Germanica</span> <span class='ocrx_word' id='word_1_13' title='bbox 870 2182 1029 2252; x_wconf 83' lang='lat' dir='ltr'>orationes</span> <span class='ocrx_word' id='word_1_14' title='bbox 1056 2183 1135 2261; x_wconf 78' lang='lat' dir='ltr'>dua,</span> <span class='ocrx_word' id='word_1_15' title='bbox 1158 2204 1230 2266; x_wconf 80' lang='lat' dir='ltr'>qua</span> <span class='ocrx_word' id='word_1_16' title='bbox 1333 2203 1336 2207; x_wconf 90' lang='grc'><strong><em>·</em></strong></span> 
     </span>
    </p>
   </div>
   <div class='ocr_carea' id='block_1_4' title="bbox 8 2284 1233 3299">
    <p class='ocr_par' dir='ltr' id='par_1_4' title="bbox 8 2284 1233 3299">
     <span class='ocr_line' id='line_1_4' title="bbox 86 2284 1230 2374; baseline 0.002 -26"><span class='ocrx_word' id='word_1_17' title='bbox 86 2287 268 2366; x_wconf 86' lang='lat' dir='ltr'>prodierunt</span> <span class='ocrx_word' id='word_1_18' title='bbox 291 2285 350 2349; x_wconf 89' lang='lat' dir='ltr'>sub</span> <span class='ocrx_word' id='word_1_19' title='bbox 375 2285 502 2349; x_wconf 87' lang='lat' dir='ltr'>nomine</span> <span class='ocrx_word' id='word_1_20' title='bbox 526 2284 680 2369; x_wconf 78' lang='lat' dir='ltr'>Baptistae</span> <span class='ocrx_word' id='word_1_21' title='bbox 702 2285 856 2374; x_wconf 69' lang='lat' dir='ltr'>Laedeni,</span> <span class='ocrx_word' id='word_1_22' title='bbox 890 2290 922 2351; x_wconf 90' lang='lat' dir='ltr'>et</span> <span class='ocrx_word' id='word_1_23' title='bbox 952 2287 1139 2371; x_wconf 87' lang='lat' dir='ltr'>prodierunt</span> <span class='ocrx_word' id='word_1_24' title='bbox 1170 2287 1230 2352; x_wconf 90' lang='lat' dir='ltr'>sub</span> 
     </span>
     <span class='ocr_line' id='line_1_5' title="bbox 86 2391 1233 2476; baseline 0.002 -22"><span class='ocrx_word' id='word_1_25' title='bbox 86 2412 116 2454; x_wconf 87' lang='lat' dir='ltr'>eo</span> <span class='ocrx_word' id='word_1_26' title='bbox 136 2392 287 2467; x_wconf 88' lang='lat' dir='ltr'>nomine,</span> <span class='ocrx_word' id='word_1_27' title='bbox 323 2395 477 2456; x_wconf 87' lang='lat' dir='ltr'>nontam</span> <span class='ocrx_word' id='word_1_28' title='bbox 502 2413 570 2456; x_wconf 84' lang='lat' dir='ltr'>mea</span> <span class='ocrx_word' id='word_1_29' title='bbox 592 2391 728 2475; x_wconf 86' lang='lat' dir='ltr'>quadam</span> <span class='ocrx_word' id='word_1_30' title='bbox 750 2395 880 2476; x_wconf 85' lang='lat' dir='ltr'>sponte,</span> <span class='ocrx_word' id='word_1_31' title='bbox 921 2407 1015 2476; x_wconf 89' lang='lat' dir='ltr'>quam</span> <span class='ocrx_word' id='word_1_32' title='bbox 1047 2392 1092 2456; x_wconf 84' lang='lat' dir='ltr'>sia</span> <span class='ocrx_word' id='word_1_33' title='bbox 1119 2393 1233 2457; x_wconf 47' lang='lat' dir='ltr'>solen-1</span> 
     </span>
     <span class='ocr_line' id='line_1_6' title="bbox 85 2496 1230 2580; baseline 0.002 -22"><span class='ocrx_word' id='word_1_34' title='bbox 85 2496 160 2560; x_wconf 89' lang='lat' dir='ltr'>tibus</span> <span class='ocrx_word' id='word_1_35' title='bbox 196 2497 332 2573; x_wconf 82' lang='lat' dir='ltr'>amicis,</span> <span class='ocrx_word' id='word_1_36' title='bbox 372 2497 426 2580; x_wconf 89' lang='lat' dir='ltr'>qni</span> <span class='ocrx_word' id='word_1_37' title='bbox 460 2497 619 2580; x_wconf 90' lang='lat' dir='ltr'>putabant</span> <span class='ocrx_word' id='word_1_38' title='bbox 651 2497 729 2562; x_wconf 90' lang='lat' dir='ltr'>meis</span> <span class='ocrx_word' id='word_1_39' title='bbox 763 2498 941 2563; x_wconf 87' lang='lat' dir='ltr'>rationibus</span> <span class='ocrx_word' id='word_1_40' title='bbox 975 2497 1021 2563; x_wconf 83' lang='lat' dir='ltr'>ita</span> <span class='ocrx_word' id='word_1_41' title='bbox 1052 2497 1230 2576; x_wconf 86' lang='lat' dir='ltr'>convenire,</span> 
     </span>
     <span class='ocr_line' id='line_1_7' title="bbox 85 2601 1228 2688; baseline 0 -24"><span class='ocrx_word' id='word_1_42' title='bbox 85 2603 225 2682; x_wconf 81' lang='lat' dir='ltr'>quamdiu</span> <span class='ocrx_word' id='word_1_43' title='bbox 261 2623 326 2664; x_wconf 90' lang='lat' dir='ltr'>non</span> <span class='ocrx_word' id='word_1_44' title='bbox 350 2622 449 2666; x_wconf 85' lang='lat' dir='ltr'>essem</span> <span class='ocrx_word' id='word_1_45' title='bbox 473 2601 506 2666; x_wconf 92' lang='lat' dir='ltr'>in</span> <span class='ocrx_word' id='word_1_46' title='bbox 532 2601 720 2682; x_wconf 80' lang='lat' dir='ltr'>Germania,</span> <span class='ocrx_word' id='word_1_47' title='bbox 756 2603 858 2688; x_wconf 90' lang='lat' dir='ltr'>iisque</span> <span class='ocrx_word' id='word_1_48' title='bbox 889 2603 966 2667; x_wconf 87' lang='lat' dir='ltr'>locis</span> <span class='ocrx_word' id='word_1_49' title='bbox 988 2602 1158 2682; x_wconf 77' lang='lat' dir='ltr'>haererem,</span> <span class='ocrx_word' id='word_1_50' title='bbox 1192 2602 1228 2665; x_wconf 93' lang='lat' dir='ltr'>in</span> 
     </span>
     <span class='ocr_line' id='line_1_8' title="bbox 85 2705 1229 2794; baseline 0 -24"><span class='ocrx_word' id='word_1_51' title='bbox 85 2707 188 2790; x_wconf 88' lang='lat' dir='ltr'>quibus</span> <span class='ocrx_word' id='word_1_52' title='bbox 220 2710 449 2791; x_wconf 79' lang='lat' dir='ltr'><strong>argumentum</strong></span> <span class='ocrx_word' id='word_1_53' title='bbox 472 2705 532 2772; x_wconf 83' lang='lat' dir='ltr'>hoe</span> <span class='ocrx_word' id='word_1_54' title='bbox 555 2710 661 2772; x_wconf 86' lang='lat' dir='ltr'>minus</span> <span class='ocrx_word' id='word_1_55' title='bbox 690 2712 817 2794; x_wconf 81' lang='lat' dir='ltr'>gratum</span> <span class='ocrx_word' id='word_1_56' title='bbox 850 2713 898 2773; x_wconf 89' lang='lat' dir='ltr'>est</span> <span class='ocrx_word' id='word_1_57' title='bbox 932 2711 1027 2792; x_wconf 87' lang='lat' dir='ltr'>atque</span> <span class='ocrx_word' id='word_1_58' title='bbox 1051 2705 1229 2794; x_wconf 82' lang='lat' dir='ltr'>plausibile.</span> 
     </span>
     <span class='ocr_line' id='line_1_9' title="bbox 85 2809 1230 2898; baseline -0.002 -22"><span class='ocrx_word' id='word_1_59' title='bbox 85 2809 237 2886; x_wconf 75' lang='lat' dir='ltr'>Quantum</span> <span class='ocrx_word' id='word_1_60' title='bbox 262 2812 349 2876; x_wconf 89' lang='lat' dir='ltr'>enim</span> <span class='ocrx_word' id='word_1_61' title='bbox 372 2813 412 2878; x_wconf 90' lang='lat' dir='ltr'>ad</span> <span class='ocrx_word' id='word_1_62' title='bbox 436 2834 485 2880; x_wconf 78' lang='lat' dir='ltr'>me</span> <span class='ocrx_word' id='word_1_63' title='bbox 508 2813 666 2896; x_wconf 72' lang='lat' dir='ltr'>pertinet,</span> <span class='ocrx_word' id='word_1_64' title='bbox 688 2813 851 2880; x_wconf 81' lang='lat' dir='ltr'>liberalius</span> <span class='ocrx_word' id='word_1_65' title='bbox 874 2817 905 2878; x_wconf 90' lang='lat' dir='ltr'>et</span> <span class='ocrx_word' id='word_1_66' title='bbox 927 2812 1031 2898; x_wconf 82' lang='lat' dir='ltr'>magis</span> <span class='ocrx_word' id='word_1_67' title='bbox 1054 2812 1230 2896; x_wconf 83' lang='lat' dir='ltr'>ingenuum</span> 
     </span>
     <span class='ocr_line' id='line_1_10' title="bbox 85 2915 1229 3002; baseline -0.001 -22"><span class='ocrx_word' id='word_1_68' title='bbox 85 2936 196 3002; x_wconf 80' lang='lat' dir='ltr'>semper</span> <span class='ocrx_word' id='word_1_69' title='bbox 220 2939 292 2982; x_wconf 85' lang='lat' dir='ltr'>esse</span> <span class='ocrx_word' id='word_1_70' title='bbox 307 2915 428 3000; x_wconf 80' lang='lat' dir='ltr'>putavi,</span> <span class='ocrx_word' id='word_1_71' title='bbox 452 2937 515 2980; x_wconf 89' lang='lat' dir='ltr'>non</span> <span class='ocrx_word' id='word_1_72' title='bbox 533 2917 732 2982; x_wconf 84' lang='lat' dir='ltr'>dissimulare</span> <span class='ocrx_word' id='word_1_73' title='bbox 750 2917 800 2981; x_wconf 83' lang='lat' dir='ltr'>vel</span> <span class='ocrx_word' id='word_1_74' title='bbox 814 2921 921 3002; x_wconf 80' lang='lat' dir='ltr'>tegere</span> <span class='ocrx_word' id='word_1_75' title='bbox 937 2939 1053 2988; x_wconf 78' lang='lat' dir='ltr'>nemen</span> <span class='ocrx_word' id='word_1_76' title='bbox 1077 2915 1112 2980; x_wconf 93' lang='lat' dir='ltr'>in</span> <span class='ocrx_word' id='word_1_77' title='bbox 1135 2915 1229 2992; x_wconf 80' lang='lat' dir='ltr'>libre,</span> 
     </span>
     <span class='ocr_line' id='line_1_11' title="bbox 85 3021 1231 3108; baseline -0.001 -24"><span class='ocrx_word' id='word_1_78' title='bbox 85 3041 167 3103; x_wconf 87' lang='lat' dir='ltr'>quem</span> <span class='ocrx_word' id='word_1_79' title='bbox 190 3023 242 3087; x_wconf 91' lang='lat' dir='ltr'>edi</span> <span class='ocrx_word' id='word_1_80' title='bbox 268 3021 343 3105; x_wconf 85' lang='lat' dir='ltr'>quis</span> <span class='ocrx_word' id='word_1_81' title='bbox 363 3021 449 3100; x_wconf 71' lang='lat' dir='ltr'>velit,</span> <span class='ocrx_word' id='word_1_82' title='bbox 475 3022 611 3107; x_wconf 85' lang='lat' dir='ltr'>nequid</span> <span class='ocrx_word' id='word_1_83' title='bbox 636 3023 688 3108; x_wconf 80' lang='lat' dir='ltr'>agi</span> <span class='ocrx_word' id='word_1_84' title='bbox 705 3022 849 3086; x_wconf 87' lang='lat' dir='ltr'>videatur</span> <span class='ocrx_word' id='word_1_85' title='bbox 871 3023 985 3087; x_wconf 82' lang='lat' dir='ltr'>callide</span> <span class='ocrx_word' id='word_1_86' title='bbox 1007 3021 1111 3107; x_wconf 83' lang='lat' dir='ltr'>magis</span> <span class='ocrx_word' id='word_1_87' title='bbox 1135 3042 1231 3103; x_wconf 86' lang='lat' dir='ltr'>quam</span> 
     </span>
     <span class='ocr_line' id='line_1_12' title="bbox 8 3125 1232 3214; baseline -0.003 -22"><span class='ocrx_word' id='word_1_88' title='bbox 8 3133 9 3172; x_wconf 42' lang='grc' dir='ltr'>Τ</span> <span class='ocrx_word' id='word_1_89' title='bbox 85 3149 164 3208; x_wconf 82' lang='lat' dir='ltr'>vere,</span> <span class='ocrx_word' id='word_1_90' title='bbox 187 3129 321 3193; x_wconf 84' lang='lat' dir='ltr'>tametsi</span> <span class='ocrx_word' id='word_1_91' title='bbox 344 3125 412 3190; x_wconf 86' lang='lat' dir='ltr'>fieri</span> <span class='ocrx_word' id='word_1_92' title='bbox 436 3149 527 3211; x_wconf 89' lang='lat' dir='ltr'>posse</span> <span class='ocrx_word' id='word_1_93' title='bbox 552 3149 614 3191; x_wconf 90' lang='lat' dir='ltr'>non</span> <span class='ocrx_word' id='word_1_94' title='bbox 637 3127 797 3214; x_wconf 83' lang='lat' dir='ltr'>negarim,</span> <span class='ocrx_word' id='word_1_95' title='bbox 825 3131 862 3190; x_wconf 89' lang='lat' dir='ltr'>ut</span> <span class='ocrx_word' id='word_1_96' title='bbox 884 3126 926 3191; x_wconf 93' lang='lat' dir='ltr'>sit</span> <span class='ocrx_word' id='word_1_97' title='bbox 950 3126 1037 3192; x_wconf 86' lang='lat' dir='ltr'>loeus</span> <span class='ocrx_word' id='word_1_98' title='bbox 1061 3125 1232 3209; x_wconf 87' lang='lat' dir='ltr'>aliquando</span> 
     </span>
     <span class='ocr_line' id='line_1_13' title="bbox 86 3231 336 3299; baseline 0.004 -4"><span class='ocrx_word' id='word_1_99' title='bbox 86 3231 336 3299; x_wconf 80' lang='lat' dir='ltr'>dissimulationi.</span> 
     </span>
    </p>
   </div>
   <div class='ocr_carea' id='block_1_5' title="bbox 647 3380 665 3420">
    <p class='ocr_par' dir='ltr' id='par_1_5' title="bbox 647 3380 665 3420">
     <span class='ocr_line' id='line_1_14' title="bbox 647 3380 665 3420; baseline 0 0"><span class='ocrx_word' id='word_1_100' title='bbox 647 3380 665 3420; x_wconf 69' lang='lat' dir='ltr'>‘t‘</span> 
     </span>
    </p>
   </div>
   <div class='ocr_carea' id='block_1_6' title="bbox 8 3481 1234 3681">
    <p class='ocr_par' dir='ltr' id='par_1_6' title="bbox 8 3481 1234 3681">
     <span class='ocr_line' id='line_1_15' title="bbox 8 3481 1234 3596; baseline 0.001 -19"><span class='ocrx_word' id='word_1_101' title='bbox 8 3517 10 3542; x_wconf 69' lang='lat'><em>&#39;</em></span> <span class='ocrx_word' id='word_1_102' title='bbox 86 3481 1234 3596; x_wconf 84' lang='lat' dir='ltr'>[NachwortznderOrationanKeiserlicheMajestat]</span> 
     </span>
     <span class='ocr_line' id='line_1_16' title="bbox 560 3615 751 3681; baseline -0.005 -1"><span class='ocrx_word' id='word_1_103' title='bbox 560 3615 639 3681; x_wconf 89' lang='lat' dir='ltr'>Zum</span> <span class='ocrx_word' id='word_1_104' title='bbox 661 3615 751 3680; x_wconf 89' lang='lat' dir='ltr'>leser.</span> 
     </span>
    </p>
   </div>
   <div class='ocr_carea' id='block_1_7' title="bbox 8 3769 1235 4380">
    <p class='ocr_par' dir='ltr' id='par_1_7' title="bbox 8 3769 1235 4380">
     <span class='ocr_line' id='line_1_17' title="bbox 163 3769 1234 3860; baseline -0.005 -17"><span class='ocrx_word' id='word_1_105' title='bbox 163 3775 241 3843; x_wconf 88' lang='lat' dir='ltr'>Dise</span> <span class='ocrx_word' id='word_1_106' title='bbox 263 3773 398 3841; x_wconf 87' lang='lat' dir='ltr'>Oration·</span> <span class='ocrx_word' id='word_1_107' title='bbox 421 3774 464 3840; x_wconf 90' lang='lat' dir='ltr'>ist</span> <span class='ocrx_word' id='word_1_108' title='bbox 488 3772 686 3860; x_wconf 80' lang='lat' dir='ltr'>gesehriben,</span> <span class='ocrx_word' id='word_1_109' title='bbox 710 3771 862 3836; x_wconf 81' lang='lat' dir='ltr'>naehdem</span> <span class='ocrx_word' id='word_1_110' title='bbox 878 3769 1234 3856; x_wconf 75' lang='lat' dir='ltr'>KeiserlicheMajestat</span> 
     </span>
     <span class='ocr_line' id='line_1_18' title="bbox 87 3877 1235 3965; baseline -0.002 -23"><span class='ocrx_word' id='word_1_111' title='bbox 87 3879 116 3944; x_wconf 90' lang='lat' dir='ltr'>in</span> <span class='ocrx_word' id='word_1_112' title='bbox 127 3880 238 3946; x_wconf 80' lang='lat' dir='ltr'>Africa</span> <span class='ocrx_word' id='word_1_113' title='bbox 253 3903 333 3964; x_wconf 78' lang='lat' dir='ltr'>aum</span> <span class='ocrx_word' id='word_1_114' title='bbox 355 3881 469 3945; x_wconf 88' lang='lat' dir='ltr'>letsten</span> <span class='ocrx_word' id='word_1_115' title='bbox 494 3901 646 3965; x_wconf 77' lang='lat' dir='ltr'>genesen,</span> <span class='ocrx_word' id='word_1_116' title='bbox 666 3879 732 3942; x_wconf 89' lang='lat' dir='ltr'>und</span> <span class='ocrx_word' id='word_1_117' title='bbox 754 3877 833 3942; x_wconf 90' lang='lat' dir='ltr'>eben</span> <span class='ocrx_word' id='word_1_118' title='bbox 856 3877 932 3941; x_wconf 88' lang='lat' dir='ltr'>mnb</span> <span class='ocrx_word' id='word_1_119' title='bbox 956 3877 1005 3941; x_wconf 87' lang='lat' dir='ltr'>die</span> <span class='ocrx_word' id='word_1_120' title='bbox 1027 3877 1088 3941; x_wconf 79' lang='lat' dir='ltr'>neit</span> <span class='ocrx_word' id='word_1_121' title='bbox 1111 3877 1159 3940; x_wconf 93' lang='lat' dir='ltr'>als</span> <span class='ocrx_word' id='word_1_122' title='bbox 1178 3877 1235 3942; x_wconf 85' lang='lat' dir='ltr'>das</span> 
     </span>
     <span class='ocr_line' id='line_1_19' title="bbox 87 3979 1233 4070; baseline -0.003 -22"><span class='ocrx_word' id='word_1_123' title='bbox 87 3983 180 4052; x_wconf 81' lang='lat' dir='ltr'>Reiah</span> <span class='ocrx_word' id='word_1_124' title='bbox 201 3987 236 4050; x_wconf 89' lang='lat' dir='ltr'>in</span> <span class='ocrx_word' id='word_1_125' title='bbox 253 3985 429 4070; x_wconf 82' lang='lat' dir='ltr'>Hungeren</span> <span class='ocrx_word' id='word_1_126' title='bbox 453 3984 601 4062; x_wconf 85' lang='lat' dir='ltr'>sehieket,</span> <span class='ocrx_word' id='word_1_127' title='bbox 625 3983 699 4048; x_wconf 89' lang='lat' dir='ltr'>Pest</span> <span class='ocrx_word' id='word_1_128' title='bbox 722 3982 786 4046; x_wconf 91' lang='lat' dir='ltr'>und</span> <span class='ocrx_word' id='word_1_129' title='bbox 806 3979 887 4046; x_wconf 87' lang='lat' dir='ltr'>Ofen</span> <span class='ocrx_word' id='word_1_130' title='bbox 911 3985 949 4046; x_wconf 81' lang='lat' dir='ltr'>ab</span> <span class='ocrx_word' id='word_1_131' title='bbox 972 3980 1151 4066; x_wconf 83' lang='lat' dir='ltr'>gewinnen,</span> <span class='ocrx_word' id='word_1_132' title='bbox 1174 3981 1233 4046; x_wconf 88' lang='lat' dir='ltr'>wie</span> 
     </span>
     <span class='ocr_line' id='line_1_20' title="bbox 87 4084 1232 4168; baseline -0.005 -14"><span class='ocrx_word' id='word_1_133' title='bbox 87 4111 154 4156; x_wconf 89' lang='lat' dir='ltr'>man</span> <span class='ocrx_word' id='word_1_134' title='bbox 187 4093 234 4156; x_wconf 92' lang='lat' dir='ltr'>im</span> <span class='ocrx_word' id='word_1_135' title='bbox 266 4092 354 4168; x_wconf 88' lang='lat' dir='ltr'>lesen</span> <span class='ocrx_word' id='word_1_136' title='bbox 386 4090 449 4154; x_wconf 88' lang='lat' dir='ltr'>wol</span> <span class='ocrx_word' id='word_1_137' title='bbox 478 4090 624 4154; x_wconf 82' lang='lat' dir='ltr'>mercken</span> <span class='ocrx_word' id='word_1_138' title='bbox 655 4088 728 4152; x_wconf 82' lang='lat' dir='ltr'>ken.</span> <span class='ocrx_word' id='word_1_139' title='bbox 775 4087 842 4152; x_wconf 85' lang='lat' dir='ltr'>leta</span> <span class='ocrx_word' id='word_1_140' title='bbox 870 4087 963 4164; x_wconf 87' lang='lat' dir='ltr'>aber,</span> <span class='ocrx_word' id='word_1_141' title='bbox 997 4087 1043 4151; x_wconf 87' lang='lat' dir='ltr'>als</span> <span class='ocrx_word' id='word_1_142' title='bbox 1066 4084 1105 4148; x_wconf 89' lang='lat' dir='ltr'>K.</span> <span class='ocrx_word' id='word_1_143' title='bbox 1131 4085 1173 4148; x_wconf 93' lang='lat' dir='ltr'>M.</span> <span class='ocrx_word' id='word_1_144' title='bbox 1198 4086 1232 4148; x_wconf 92' lang='lat' dir='ltr'>in</span> 
     </span>
     <span class='ocr_line' id='line_1_21' title="bbox 87 4189 1233 4278; baseline -0.002 -22"><span class='ocrx_word' id='word_1_145' title='bbox 87 4189 299 4262; x_wconf 73' lang='lat' dir='ltr'>Debtsehland</span> <span class='ocrx_word' id='word_1_146' title='bbox 321 4196 456 4275; x_wconf 86' lang='lat' dir='ltr'>komen,</span> <span class='ocrx_word' id='word_1_147' title='bbox 491 4195 535 4258; x_wconf 88' lang='lat' dir='ltr'>ist</span> <span class='ocrx_word' id='word_1_148' title='bbox 566 4194 611 4258; x_wconf 90' lang='lat' dir='ltr'>sie</span> <span class='ocrx_word' id='word_1_149' title='bbox 642 4194 720 4257; x_wconf 89' lang='lat' dir='ltr'>aller</span> <span class='ocrx_word' id='word_1_150' title='bbox 743 4196 807 4257; x_wconf 88' lang='lat' dir='ltr'>erst</span> <span class='ocrx_word' id='word_1_151' title='bbox 830 4191 1013 4278; x_wconf 80' lang='lat' dir='ltr'>getrueket,</span> <span class='ocrx_word' id='word_1_152' title='bbox 1048 4191 1113 4254; x_wconf 89' lang='lat' dir='ltr'>und</span> <span class='ocrx_word' id='word_1_153' title='bbox 1137 4190 1233 4255; x_wconf 92' lang='lat' dir='ltr'>allein</span> 
     </span>
     <span class='ocr_line' id='line_1_22' title="bbox 8 4293 1235 4380; baseline -0.004 -15"><span class='ocrx_word' id='word_1_154' title='bbox 8 4361 10 4380; x_wconf 61' lang='lat'>,</span> <span class='ocrx_word' id='word_1_155' title='bbox 87 4302 235 4366; x_wconf 86' lang='lat' dir='ltr'>amende</span> <span class='ocrx_word' id='word_1_156' title='bbox 257 4301 312 4366; x_wconf 85' lang='lat' dir='ltr'>der</span> <span class='ocrx_word' id='word_1_157' title='bbox 336 4299 555 4369; x_wconf 83' lang='lat' dir='ltr'>besehlusrede</span> <span class='ocrx_word' id='word_1_158' title='bbox 578 4299 652 4364; x_wconf 86' lang='lat' dir='ltr'>oder</span> <span class='ocrx_word' id='word_1_159' title='bbox 675 4297 884 4376; x_wconf 67' lang='lat' dir='ltr'>conclusion,</span> <span class='ocrx_word' id='word_1_160' title='bbox 916 4296 962 4360; x_wconf 90' lang='lat' dir='ltr'>ist</span> <span class='ocrx_word' id='word_1_161' title='bbox 981 4298 1077 4360; x_wconf 83' lang='lat' dir='ltr'>etwas</span> <span class='ocrx_word' id='word_1_162' title='bbox 1100 4293 1235 4362; x_wconf 85' lang='lat' dir='ltr'>newlich</span> 
     </span>
    </p>
   </div>
   <div class='ocr_carea' id='block_1_8' title="bbox 89 4403 1025 4560">
    <p class='ocr_par' dir='ltr' id='par_1_8' title="bbox 8 4397 1025 4560">
     <span class='ocr_line' id='line_1_23' title="bbox 89 4403 1025 4560; baseline 0.006 -91.522"><span class='ocrx_word' id='word_1_163' title='bbox 89 4403 179 4472; x_wconf 72' lang='lat' dir='ltr'>daran</span> <span class='ocrx_word' id='word_1_164' title='bbox 200 4406 324 4492; x_wconf 77' lang='lat' dir='ltr'>gethon</span> <span class='ocrx_word' id='word_1_165' title='bbox 346 4405 483 4473; x_wconf 77' lang='lat' dir='ltr'>worden.</span> <span class='ocrx_word' id='word_1_166' title='bbox 982 4503 1025 4560; x_wconf 58' lang='grc'>1*</span> 
     </span>
    </p>
   </div>
   <div class='ocr_carea' id='block_1_9' title="bbox 0 0 1478 4988">
    <p class='ocr_par' dir='ltr' id='par_1_9' title="bbox 0 0 1478 4988">
     <span class='ocr_line' id='line_1_24' title="bbox 0 0 1478 4988; baseline 0 0"><span class='ocrx_word' id='word_1_167' title='bbox 0 0 1478 4988; x_wconf 95' lang='lat' dir='ltr'> </span> 
     </span>
    </p>
   </div>
  </div>
 </body>
</html>
