2902 4996
73 556 142 623 houd
158 556 251 622 dubie
266 557 527 642 deprehenderes,
549 558 635 622 visus
650 579 683 622 es
699 558 844 641 deinceps
860 578 923 622 non
940 557 1033 640 paulo
1048 555 1209 622 remissius

71 683 151 748 agere
165 685 260 746 quem
272 667 374 729 antea
398 663 552 728 Reversus
565 665 648 728 enim
661 663 695 728 in
708 662 889 746 Hispanias,
901 661 1022 728 duobus
1033 662 1208 746 interjectis
1238 741 1243 750 .

71 767 160 845 mnis,
182 766 368 834 Africanam
385 768 473 834 illmn
489 769 681 852 suscipiebas
697 768 835 832 nobilem
850 767 1091 854 expeditionem,
1109 788 1208 850 eoque

71 872 142 937 bello
161 871 298 938 feliciter
321 873 463 940 confecto
484 871 651 958 Neapolim
676 896 712 938 ec
734 873 768 938 in
784 873 909 938 Italiam
937 872 1010 937 inde
1029 871 1207 937 citeriorem

8 1061 10 1068 Α
69 978 184 1044 venisti.
207 975 276 1053 Quo
295 982 436 1062 tempore
454 999 526 1042 cum
543 979 724 1042 exultarent
736 977 902 1062 pontificii,
918 981 1078 1060 tuamque,
1094 975 1207 1056 Oeen,

8 1069 10 1158 l
68 1081 231 1160 victoriam,
255 1104 344 1147 suem
361 1104 427 1148 cese
449 1085 609 1166 putarent,
632 1082 774 1166 ipsorum
797 1081 968 1147 adversarii
991 1081 1149 1166 principes
1172 1103 1209 1146 cc

8 1165 10 1182 ⁴
66 1187 182 1252 ordines
214 1187 360 1272 imperii,
395 1209 473 1272 quos
507 1187 660 1269 ejusmodi
692 1183 794 1270 plena
828 1187 988 1252 minorum
1017 1186 1207 1270 jactationes
1318 1252 1323 1262 Ι

67 1291 153 1356 lutere
177 1313 243 1356 non
265 1295 430 1375 poterent,
453 1292 557 1356 missis
578 1292 617 1356 nd
641 1296 673 1356 te
696 1292 729 1355 in
753 1289 882 1356 Italiam
905 1291 1040 1369 litteris,
1071 1311 1207 1374 expone·

8 1375 9 1464 l
66 1395 151 1473 tore
167 1395 345 1480 cujusmodi
368 1400 594 1482 spargerentur
616 1418 776 1474 rumores,
813 1401 845 1462 et
868 1418 963 1480 quam
988 1419 1051 1462 non
1074 1397 1206 1461 obscure

68 1500 186 1582 quidem
209 1523 276 1585 prae
299 1501 491 1578 sentement,
523 1505 650 1585 paetum
682 1501 761 1567 illud
784 1500 1057 1586 Norenbcrgicum
1079 1505 1112 1565 et
1133 1498 1208 1564 huic

67 1627 219 1670 annexum
242 1606 379 1672 edictum
403 1611 494 1673 tuum
517 1606 749 1672 Ratisbonenee
770 1629 834 1672 non
858 1611 1018 1672 servatum
1041 1606 1092 1670 iri.
1131 1605 1207 1682 Qui-

624 1745 641 1784 ss

8 1843 9 1847 ’
70 1849 131 1934 [et]
154 1849 272 1915 Estent
294 1849 332 1914 de
357 1852 466 1914 retour
495 1871 535 1914 en
557 1847 719 1936 depugna
751 1852 831 1914 deux
853 1871 910 1914 ens
933 1871 1023 1934 apres
1046 1853 1081 1912 tu
1105 1851 1210 1912 entre·

7 1955 8 1960 ’
65 1956 145 2039 prins
169 1978 205 2020 cc
227 1954 323 2022 noble
344 1975 464 2041 voyage
486 1953 668 2039 d'Afrique:
691 1955 827 2040 laquelle
842 1975 954 2040 guerre
969 1953 1209 2018 heureusement

66 2060 198 2136 ecberte,
223 2066 259 2125 tu
282 2061 353 2124 vins
377 2064 396 2124 b
419 2059 552 2145 Neples‚
581 2066 613 2125 et
636 2059 673 2124 de
696 2061 728 2124 le
751 2082 788 2124 en
813 2059 930 2125 l'Italie
953 2059 1094 2146 (locales
1117 2079 1208 2122 mons

65 2161 256 2249 Appennino.
302 2165 352 2230 En
375 2187 410 2230 ce
432 2169 535 2249 temps
557 2167 602 2230 les
626 2165 771 2250 Papistes
794 2163 1053 2248 triomphoyent‚
1076 2167 1109 2228 et
1131 2161 1207 2228 csti-

66 2273 187 2352 moyent
209 2273 245 2333 tn
266 2267 406 2345 victoire,
430 2268 554 2334 sienne:
582 2290 724 2354 perqnoy
747 2269 831 2333 leurs
853 2267 1055 2344 adversatura,
1081 2265 1208 2330 Princes

6 2383 9 2434 ἲ
66 2377 92 2436 et
106 2373 220 2438 'Estote
244 2373 282 2437 de
313 2371 480 2457 l'llmpire‚
512 2374 565 2457 qui
597 2377 750 2458 sevoyent
779 2374 824 2437 les
848 2371 1004 2436 vanteries
1027 2372 1080 2434 des
1103 2373 1209 2434 autres

65 2477 177 2561 pleines
194 2477 232 2541 de
248 2499 400 2552 meneoes,
418 2477 627 2542 t'escrivirent
642 2500 681 2541 en
697 2477 791 2542 Italic
806 2478 894 2561 quels
910 2475 1013 2540 bruits
1026 2477 1208 2560 couroyent

65 2587 93 2646 et
113 2585 286 2668 qu'auouns
309 2587 528 2667 monstroyent
550 2605 624 2647 sans
645 2585 714 2647 'rien
738 2580 965 2668 de[98]guiser‚
992 2602 1053 2663 que
1075 2577 1209 2642 l’cccord

66 2687 99 2750 de
118 2687 317 2772 Norenrberg
339 2709 472 2772 aveques
495 2687 632 2770 l¹[e]dict
655 2688 692 2752 de
715 2686 890 2752 Ratisbone
912 2687 931 2750 b
953 2685 1055 2769 iceluy
1077 2683 1207 2761 annexe‘,

623 2825 640 2864 t‘

68 2931 133 3014 [14]
156 2931 281 3016 Porque
304 2931 435 2996 uniendo
458 2931 565 2996 buelto
589 2955 607 2997 a
630 2929 756 3015 Espcric
780 2932 835 2997 doe
859 2938 936 2996 edos
959 2929 1110 3012 despucs‚
1142 2945 1209 2988 em·

67 3036 189 3118 prendio
212 3035 304 3118 aquel
328 3039 382 3099 tun
408 3035 518 3100 ilustre
542 3038 672 3118 operato
695 3035 732 3099 de
756 3057 869 3120 guerra
901 3037 1012 3099 contra
1035 3029 1157 3096 Tunes:
1187 3051 1208 3112 y

67 3141 195 3205 acabeda
216 3144 473 3224 prospercmcnte
496 3140 621 3224 cquella
644 3161 795 3222 cmprese,
820 3140 894 3203 vino
918 3136 1104 3220 aNepoles‚
1128 3134 1209 3219 yde

68 3242 118 3307 alli
138 3267 156 3308 a
176 3243 378 3308 Lombardie.
426 3243 473 3307 En
508 3243 601 3327 aquel
633 3243 753 3327 tiempo
786 3244 887 3308 daven
919 3241 1017 3306 saltos
1046 3239 1083 3303 de
1106 3239 1211 3324 plener

68 3346 111 3410 los
133 3349 294 3433 Papiam,
329 3350 489 3433 pensando
521 3370 580 3432 quo
609 3350 640 3412 la
670 3349 803 3413 victoria
825 3349 863 3413 de
886 3352 1012 3411 vuestra
1034 3343 1209 3430 Magestud‚

70 3473 118 3515 em
137 3476 212 3538 para
234 3453 368 3517 utilidod
392 3453 507 3519 dellos:
540 3437 681 3519 cstonces
705 3453 752 3517 los
776 3453 940 3536 Principes
962 3475 983 3536 y
1006 3450 1137 3513 ordenes
1160 3448 1211 3514 del

70 3553 196 3640 Imperio
220 3545 414 3623 adversarios
437 3579 542 3642 sopor,
567 3579 628 3642 que
650 3579 693 3620 no
716 3559 868 3642 pudicron
893 3558 988 3622 dexar
1007 3557 1045 3620 dc
1060 3553 1210 3620 entender

73 3664 321 3741 anachroretae,
345 3662 445 3726 lienes
468 3663 506 3726 de
529 3685 693 3727 unrenanas
716 3686 738 3747 y
759 3663 861 3741 fieres,
887 3663 961 3748 [15]
983 3683 1043 3744 que
1059 3683 1091 3724 se
1107 3657 1210 3721 divul-

73 3785 172 3848 garan,
195 3768 384 3832 escrivieron
407 3771 425 3831 b
448 3773 574 3832 vuestra
597 3767 762 3852 Magestad
784 3766 914 3832 altalia
929 3788 993 3830 unc
1009 3767 1097 3828 carta
1119 3759 1210 3826 sobre

75 3869 135 3948 ello,
156 3893 195 3936 en
217 3872 250 3936 le
273 3873 347 3955 qual
371 3871 555 3936 declararem
578 3871 626 3936 los
649 3894 826 3956 rumoresy
848 3871 880 3936 la
902 3870 987 3934 fama
1011 3890 1070 3952 que
1092 3864 1210 3930 cornia:

75 3995 188 4058 yquen
212 3978 403 4042 claramente
421 3977 520 4041 daven
539 3977 672 4062 algunos
696 4000 715 4040 a
738 3978 888 4041 entender
913 3996 972 4058 que
995 3995 1036 4036 no
1059 3993 1092 4034 se
1113 3989 1210 4055 guar-

77 4077 152 4144 derie
172 4081 201 4146 el
223 4081 382 4146 coneierto
408 4083 445 4146 de
468 4081 699 4166 Norimberga,
729 4104 751 4165 y
774 4081 804 4144 el
825 4084 896 4144 otro
918 4077 1019 4142 edicto
1041 4075 1079 4139 de
1102 4072 1209 4138 Ratis·

628 4217 645 4256 ss

50 4319 118 4385 'dic
138 4325 207 4390 sach
230 4323 372 4389 chermel
394 4323 572 4408 personlich
594 4324 821 4408 ftirgenomen‚
856 4319 920 4384 und
943 4319 977 4382 in
1000 4317 1132 4382 anderer
1155 4337 1209 4402 ge

76 4427 143 4492 stult
162 4430 262 4496 ceder
286 4428 409 4506 verbio,
440 4429 521 4496 tbdn
545 4427 792 4492 underbcndlen.
