2938 4988
277 1400 392 1458 Sleidan
412 1419 450 1456 an
468 1401 526 1456 Jae.
545 1401 640 1456 Sturm
660 1404 693 1460 13
712 1402 793 1472 April
814 1403 881 1458 1545
900 1401 1005 1472 (Brem-
1023 1402 1082 1456 und
1095 1403 1245 1459 Verdische
1266 1404 1365 1461 biblio·

208 1487 294 1553 thek,
324 1491 335 1542 1
357 1488 408 1543 bds
427 1490 443 1542 2
462 1488 554 1552 stiiek,
582 1487 732 1558 Hamburg
751 1490 832 1556 1753,
858 1507 879 1542 s.
899 1489 974 1558 108):
1011 1487 1093 1545 Certo
1119 1490 1246 1546 delatum
1264 1493 1307 1546 est
1325 1492 1364 1547 ad

206 1593 268 1641 me,
301 1575 439 1654 Caesarem
460 1575 635 1630 intellexisse
658 1575 693 1630 de
716 1575 891 1632 orationibus
908 1575 1110 1648 meisulatinim
1129 1579 1166 1633 et
1184 1578 1364 1634 vehementer

206 1665 291 1720 fuisse
309 1668 486 1732 commotum.
522 1665 657 1721 Malevoli
676 1667 778 1722 vocant
797 1665 926 1720 libellum
945 1665 1097 1729 famosum,
1123 1664 1171 1719 sed
1194 1665 1226 1720 in
1243 1684 1275 1722 eo
1292 1667 1365 1721 mihi

205 1752 315 1806 mciunt
332 1752 474 1822 injuriam,
493 1755 523 1808 et
541 1752 596 1809 seio
614 1753 664 1807 ubi
681 1753 773 1808 lateat
791 1753 944 1809 famositas.
975 1753 1082 1829 Verum
1098 1752 1247 1807 Miltitzius
1259 1753 1363 1809 Witte·

206 1839 295 1908 berga
309 1839 419 1910 scripsit
431 1839 468 1894 ad
481 1839 639 1906 Cratonem
659 1839 794 1910 seriptum
805 1839 879 1896 illuri
890 1857 985 1895 meum
996 1857 1100 1910 magno
1119 1841 1259 1910 applausu
1277 1841 1363 1896 fuisse

209 1924 285 1995 apud
304 1925 378 1996 ipsos
399 1928 552 1996 exceptum,
572 1926 641 1982 adeo
658 1926 772 1996 'quidem
790 1928 823 1981 ut
841 1927 988 1993 lutherus,
1006 1927 1055 1996 qui
1073 1927 1103 1980 id
1120 1927 1196 1982 idem
1214 1945 1364 1998 argumen-

206 2016 269 2068 tum
286 2014 345 2069 fere
362 2015 516 2079 tractavit,
538 2015 679 2080 fateatur,
705 2014 820 2072 semeis
840 2015 1013 2071 orationibus
1033 2015 1163 2085 adjutum
1181 2032 1246 2070 esse.
1283 2015 1364 2081 Quod

205 2099 319 2169 quidem
337 2100 414 2155 illius
432 2101 487 2156 viri
502 2102 639 2172 judicium
658 2120 710 2173 ego
729 2104 784 2160 toti
802 2103 918 2160 casaris
936 2105 1009 2158 aulae
1027 2105 1183 2173 antepono,
1210 2105 1239 2158 et
1263 2103 1293 2158 in
1312 2105 1364 2158 tua

205 2188 302 2257 tuique
320 2188 456 2244 similium
473 2189 598 2245 virorum
616 2189 742 2245 amicitia
760 2193 789 2246 et
807 2191 964 2262 patrocinio
982 2191 1105 2246 libenter
1123 2174 1306 2260 acquiescam.

277 2277 324 2334 Aa
341 2275 476 2341 Cardinal
501 2278 539 2330 du
557 2277 658 2348 Bellay
679 2279 711 2332 14
730 2279 788 2334 Mai
811 2281 879 2335 1545
894 2267 1111 2350 (Forsehungen
1135 2289 1184 2331 'nur
1207 2277 1361 2339 deutschen

206 2362 370 2432 geschichte,
391 2364 428 2420 bd
448 2367 489 2422 10.
510 2367 587 2422 1870.
605 2383 627 2418 s.
647 2367 724 2436 177):
754 2366 941 2442 Opuseulum·,
960 2366 1035 2435 quod
1052 2366 1152 2435 hyeme
1171 2365 1307 2436 superiori
1324 2365 1364 2420 ad

194 2452 234 2504 'te
252 2449 323 2514 misi,
342 2468 479 2520 magnum
497 2451 592 2507 odium
610 2452 681 2506 mihi
694 2453 855 2508 conuliavit
867 2453 942 2524 apud
955 2452 1098 2518 Gaesarem,
1117 2453 1164 2508 sed
1183 2454 1285 2523 prater
1303 2452 1363 2522 opi-

205 2537 318 2607 nionem
336 2537 408 2590 nihil
427 2537 537 2604 aeeidit,
556 2541 585 2594 et
602 2540 694 2596 multo
712 2541 801 2610 pluris
819 2538 892 2597 faeie
908 2540 996 2611 ipsius
1015 2540 1131 2596 Lntheri
1146 2539 1291 2611 judicium,
1310 2539 1361 2609 qui

205 2623 289 2693 longe
306 2641 382 2680 seeus
401 2625 435 2680 de
453 2643 484 2682 eo
503 2628 708 2710 pronuntiavit,
725 2632 758 2683 ut
776 2629 831 2683 hue
847 2628 1033 2699 perscriptum
1051 2629 1102 2684 est
