2902 4996
603 377 663 443 149

142 548 282 634 Cumque
303 551 338 614 in
361 550 417 615 illo
439 549 594 636 Augusta
618 550 856 618 Vindelicorum
887 553 1022 620 concilio
1044 556 1204 640 principes

66 656 186 740 aliquot.
201 659 234 720 et
254 657 416 735 civitates,
441 656 495 739 qui
519 656 654 736 interea,
685 658 760 723 dum
783 662 834 736 tu,
871 658 991 724 bellicis
1013 660 1204 725 tumultibus

65 760 197 840 obrutus,
221 760 275 825 diu
299 761 499 844 multumque
521 766 554 826 ot
568 762 663 847 longe
678 761 797 840 aberas,
821 763 997 830 doctrinam
1016 764 1097 830 hano
1113 769 1204 829 erant

65 866 203 950 amplexi,
227 866 391 952 religionis
406 869 438 930 et
452 867 526 931 fidei
540 868 781 946 summationem,
799 869 917 951 scripto
933 869 1202 953 comprehensam,

64 971 136 1054 apud
158 975 193 1034 te
215 973 421 1054 senatumque
443 971 623 1056 principum
646 977 677 1037 et
700 973 848 1038 ordinum
871 973 1117 1058 exposuissent,
1149 975 1202 1040 de·

64 1081 177 1141 cretum
201 1075 356 1158 quoddam
380 1079 457 1140 tunc
479 1075 616 1142 faciebas
647 1097 743 1162 grave
775 1077 975 1162 profectost
1003 1079 1134 1158 durum,
1168 1078 1203 1142 in

63 1202 150 1264 eoque
174 1180 239 1245 luit
261 1179 320 1246 hoc
339 1180 503 1259 insertum,
528 1187 565 1246 ut
580 1181 666 1248 intra
685 1184 876 1267 praefinitum
893 1185 1018 1268 tempus
1034 1186 1066 1248 et
1081 1203 1203 1248 meuses

62 1287 117 1350 iere
138 1286 280 1370 quinque
302 1289 481 1351 statuerent
503 1287 561 1365 illi,
587 1309 664 1352 num
686 1287 804 1353 vellent
819 1293 994 1372 susceptam
1010 1288 1203 1353 sententiam

62 1391 152 1469 tueri·
172 1413 213 1456 au
232 1391 346 1474 potius,
370 1392 510 1470 eandem,
535 1413 630 1475 quam
646 1396 691 1470 tu,
709 1414 803 1477 quam
818 1392 873 1457 alii
889 1393 993 1470 multi,
1016 1392 1202 1477 religionem

62 1497 174 1560 sectari.
210 1494 300 1572 Quod
322 1493 450 1578 quidem
473 1496 631 1561 decretum
654 1496 718 1560 fuit
739 1496 822 1560 haud
845 1497 939 1562 dubie
962 1497 1107 1582 pontifici
1129 1519 1201 1581 per·

62 1607 192 1686 gratum,
214 1623 234 1666 a
256 1598 318 1685 quo
340 1621 449 1665 recens
471 1601 749 1687 inaugurationem
771 1601 898 1685 imperii
921 1623 1110 1685 susceperas,
1139 1623 1202 1685 quo

62 1711 195 1791 tempore
217 1706 389 1771 verisimile
411 1710 460 1770 est
482 1707 572 1771 illum
596 1707 656 1771 tibi
685 1728 774 1772 suam
804 1707 994 1792 dignitatem
1025 1706 1202 1792 magnificis

61 1813 154 1877 verbis
178 1815 211 1878 et
234 1811 347 1875 eximie
370 1812 624 1888 commendasse,
659 1811 891 1895 maximamque
922 1812 955 1876 in
985 1815 1018 1876 te
1040 1833 1128 1895 spem
1151 1833 1200 1874 re-

60 1918 189 1999 positam
204 1915 360 1980 habuisse.
393 1915 501 1994 Porro‚
524 1917 647 2000 siquid
671 1936 708 1980 eo
731 1920 872 1999 ternpore
893 1937 949 2000 per
970 1917 1036 1980 vim
1059 1921 1090 1980 et
1113 1938 1201 1981 erma

61 2019 220 2086 tentatum
236 2019 356 2096 fuisset,
380 2019 543 2085 difficilius
566 2020 598 2084 id
618 2020 760 2085 futurum
778 2023 845 2084 emt
861 2042 956 2105 quam
972 2021 1094 2105 aliquot
1109 2021 1201 2084 annis
1293 2023 1295 2027 ’

62 2127 156 2201 antes,
182 2143 254 2186 cum
277 2124 346 2186 tota
367 2143 427 2200 res,
452 2123 594 2187 omnium
614 2124 751 2208 judicio,
775 2123 925 2206 penderet
948 2124 987 2188 ab
1012 2144 1074 2188 uno
1097 2123 1198 2187 solnm

61 2225 200 2303 homine,
233 2231 470 2292 verumtamen
495 2251 559 2292 non
583 2229 677 2311 paulo
699 2228 824 2292 facilius
847 2231 917 2292 tum
938 2228 1081 2293 futurum
1104 2228 1200 2292 etiam

60 2335 120 2395 emt
148 2351 245 2417 quam
275 2329 419 2397 fortassis
451 2333 544 2398 hodie
575 2334 626 2398 sit.
673 2332 730 2398 sed
767 2354 824 2417 pro
858 2333 982 2430 ingenii
1014 2333 1201 2398 dexteritate

618 2454 635 2493 ss

64 2539 127 2604 Und
149 2539 272 2621 wiewol
292 2538 409 2604 etliche
433 2536 567 2606 lirirsten
589 2543 655 2606 und
678 2541 758 2617 siut,
782 2543 888 2609 disin
911 2544 1018 2610 mitler
1040 2541 1110 2618 neit,
1134 2541 1199 2607 die·

61 2647 123 2710 weil
144 2646 180 2710 E.
206 2645 251 2710 M.
276 2645 463 2732 ausltndig‚
496 2649 561 2712 und
593 2648 653 2713 mit
674 2649 766 2734 krieg
790 2649 919 2714 beladcn
944 2668 1030 2725 war,
1065 2647 1200 2732 gemelle

60 2749 115 2814 lere
136 2771 334 2836 angenomen
357 2749 478 2828 hatten,
503 2751 566 2814 irer
590 2751 737 2838 Religion
762 2752 950 2829 bekantnis‚
978 2750 1013 2814 Ε.
1038 2749 1082 2814 M.
1106 2746 1199 2815 iiber-

61 2859 242 2931 antworten‚
265 2852 377 2938 jedoch
401 2854 507 2919 stellet
529 2854 564 2918 Ε.
589 2855 633 2920 Μ.
662 2856 754 2920 einen
777 2855 905 2920 soloheu
929 2854 1110 2931 Abschsid,
1145 2855 1199 2920 der

61 2960 250 3045 obgemelten
273 2958 411 3024 Stenden
434 2958 497 3024 fast
520 2960 743 3026 besohwerlich
764 2982 830 3025 war
852 2964 890 3025 ut
912 2960 1028 3038 hosen,
1052 2960 1111 3024 mit
1133 2959 1198 3024 sol-

61 3064 140 3128 ohem
161 3063 364 3150 angehefften
388 3063 519 3142 befeloh,
543 3065 598 3130 das
621 3065 722 3129 sicin
745 3065 872 3129 kurtzer
887 3065 957 3143 neit,
981 3065 1045 3129 und
1062 3064 1198 3128 etlichen

62 3169 212 3246 Monaten,
237 3168 305 3232 sich
327 3169 428 3232 solten
454 3169 594 3233 ercl'alren
616 3170 680 3233 und
704 3168 862 3246 misinen,
886 3168 928 3232 ob
950 3168 996 3232 sie
1018 3168 1070 3232 bei
1093 3167 1129 3232 Ε.
1153 3166 1197 3232 M.

61 3275 118 3338 und
139 3273 302 3338 derselben
325 3273 454 3358 anhang
476 3273 622 3352 bleiben‚
656 3275 731 3338 oder
762 3274 836 3338 eber
859 3271 928 3338 auff
946 3273 1025 3338 irem
1047 3267 1199 3358 firgeno·

62 3401 162 3444 menen
185 3399 255 3462 weg
278 3378 434 3442 beharren
457 3379 582 3442 wolton.
629 3377 682 3442 Au
705 3378 804 3443 disem
827 3376 984 3442 Abscheid
1014 3375 1056 3442 ist
1085 3377 1199 3462 glaub·

63 3483 126 3561 lich,
147 3484 202 3548 das
225 3484 280 3547 der
302 3481 411 3566 Bepst‚
435 3504 494 3547 von
517 3483 668 3548 welchem
690 3481 725 3546 Ε.
752 3483 794 3546 M.
820 3482 869 3546 die
892 3479 1043 3566 Ordnung
1065 3480 1200 3546 newlich

64 3589 241 3673 empfaugen
264 3587 368 3664 hatte,
392 3587 466 3651 lrein
489 3587 631 3652 schlecht
653 3585 783 3671 gefalles
807 3584 943 3670 gehabt‚
967 3587 1014 3650 sis
1037 3586 1091 3650 der
1113 3585 1200 3648 scine
1244 3579 1247 3586 ’

64 3692 177 3757 wollent
197 3693 233 3756 Ε.
257 3691 300 3756 Μ.
325 3714 380 3756 aur
402 3679 509 3757 selben
532 3693 611 3768 neit,
636 3715 676 3757 on
700 3692 783 3756 allen
807 3690 927 3754 nweifel
950 3713 1022 3755 aum
1045 3689 1199 3755 hochsten

64 3795 208 3874 befolhen,
232 3797 311 3862 such
335 3797 369 3860 in
385 3795 420 3860 Ε.
438 3797 480 3861 Μ.
505 3795 614 3861 sohutn
637 3797 703 3860 und
726 3795 852 3872 schism,
877 3796 963 3860 seins
985 3797 1093 3879 gnosio
1115 3791 1198 3856 hoff-

66 3921 156 3986 nnng,
179 3900 326 3988 gestellet
348 3901 413 3966 hat.
460 3901 521 3965 Wo
545 3923 610 3965 nun
634 3898 670 3964 Ε.
696 3899 739 3964 Μ.
764 3899 896 3977 deussit,
926 3903 1022 3964 etwas
1046 3893 1199 3962 th'a'tliohs

66 4006 250 4092 angcfangen
273 4005 382 4083 hette,
415 4004 519 4070 solchs
550 4026 631 4069 were
663 4003 768 4089 gleich
797 4002 951 4068 schwerer
980 4002 1046 4066 und
1068 3998 1199 4086 gefthr-

66 4107 151 4174 licher
172 4130 331 4196 gemmea,
360 4110 463 4173 weder
485 4109 598 4186 bevor,
634 4109 674 4173 da
696 4130 727 4172 es
749 4106 993 4171 menschliohem
1016 4104 1112 4170 urteil
1133 4103 1199 4167 und

66 4216 197 4280 verstand
228 4215 330 4293 nach,
368 4235 429 4278 nur
462 4213 529 4278 suff
558 4209 646 4280 einer
675 4213 834 4296 sintaigen
865 4230 1020 4294 personen
1054 4205 1198 4284 beruhet‚

68 4315 140 4382 dher
160 4319 238 4384 auch
254 4340 336 4382 were
351 4341 383 4382 es
398 4317 433 4381 Ε.
451 4319 493 4382 Μ.
518 4316 621 4402 gleich
645 4315 777 4381 leichter
799 4314 864 4378 und
886 4313 1022 4378 bereiter
1043 4332 1198 4396 genesen,
1250 4397 1253 4402 Ι

67 4422 205 4489 sederes
234 4423 363 4508 heutigs
392 4427 464 4509 tags
495 4423 562 4487 sein
592 4423 708 4488 mdoht.
755 4421 827 4505 [12]
851 4419 937 4484 Aber
959 4439 991 4481 es
1014 4417 1071 4483 hat
1093 4414 1129 4481 Ε.
1153 4415 1198 4482 Μ.
