2902 4996
809 345 869 406 176

261 513 326 593 fiet,
352 534 446 597 quom
469 513 534 578 vim
555 513 671 580 habeut
695 518 727 579 et
758 515 913 598 quomodo
944 515 1153 602 constringat.
1199 517 1259 584 Sed
1293 519 1402 584 intereo

262 618 334 684 dum
359 618 419 683 hoe
441 618 568 704 agitur,
603 619 786 702 deponenda
807 623 855 683 est
877 641 931 698 ea,
965 642 1034 704 quae
1066 624 1148 705 opud
1181 646 1237 688 nos
1262 624 1400 690 haetenus

261 725 418 812 regnavit,
440 724 610 807 persuasio,
635 724 870 790 sanctissimum
893 725 1013 790 scilieet
1036 727 1126 791 illum
1141 750 1208 792 esse
1223 735 1355 812 patrem,
1376 735 1402 794 11
1446 713 1447 768 l

263 829 338 914 quid
362 831 449 894 non?
495 829 580 908 Haee,
604 829 753 912 inquam,
777 829 958 912 praejudioiu
980 835 1013 894 et
1035 831 1201 916 privilegia
1223 837 1257 898 et
1279 834 1401 898 fastuosi

261 935 350 1000 tituli
374 939 449 1000 sunt
471 935 677 1018 eliquousque
700 935 883 1020 relegandi,
918 940 949 1000 et
978 936 1228 1021 inspiciendum,
1264 959 1326 1002 non
1355 939 1402 1022 qui

262 1040 305 1105 sit
327 1040 480 1106 hodierno
512 1040 580 1119 die,
612 1040 666 1104 sed
701 1040 771 1123 quis
800 1039 877 1104 olim
908 1040 1005 1106 fuerit
1033 1046 1065 1106 et
1093 1041 1164 1126 quis
1195 1064 1262 1106 esre
1292 1043 1400 1107 debeat.

262 1143 445 1229 Optandum
470 1149 550 1210 esset
573 1147 647 1210 ente
669 1144 787 1223 omniu,
811 1146 1018 1229 questionem
1040 1147 1123 1211 hane
1145 1169 1209 1212 non
1232 1152 1403 1212 1111111111

263 1249 297 1312 in
321 1250 566 1314 controversiam
589 1249 705 1315 venire.

262 1353 321 1418 Sed
345 1355 427 1418 idem
450 1375 579 1439 prorsus
602 1355 717 1424 oceidit
742 1355 851 1433 nobis,
884 1355 968 1440 quod
991 1355 1082 1420 Plato
1105 1357 1167 1422 sibi
1190 1358 1268 1423 dieit
1290 1358 1402 1424 evenire

266 1459 439 1543 multisque
461 1460 542 1538 eliis,
568 1483 639 1526 eum
660 1465 709 1526 est
724 1461 1014 1538 demonstrandum,
1038 1483 1104 1527 esse
1119 1461 1203 1540 deos,
1227 1463 1284 1545 qui
1307 1484 1400 1526 eurem

262 1564 382 1630 hebent
404 1587 511 1629 rerum
533 1565 755 1643 humanarum,
780 1564 835 1648 qui
858 1567 988 1648 proemia
1010 1565 1109 1650 digna
1131 1567 1268 1632 reddunt
1287 1567 1353 1653 piis,
1374 1571 1400 1630 et

263 1671 431 1736 seelerosos
465 1670 602 1734 etioma
631 1674 732 1735 morte
760 1670 908 1754 puniunt.
954 1669 1027 1736 Nisi
1061 1672 1261 1756 complures,
1298 1672 1400 1755 inquit,

263 1776 421 1852 docerent,
444 1774 549 1840 nullos
572 1775 639 1840 esse
661 1775 743 1853 deos,
766 1774 859 1840 fnoile
874 1776 1120 1859 disputationem
1135 1776 1399 1842 haneviteremus.
1446 1753 1447 1774 ¹

264 1881 358 1946 Nune
381 1901 472 1956 vero,
507 1879 632 1970 quande
667 1901 731 1944 non
764 1884 913 1945 verentur
943 1881 1125 1965 opinionem
1155 1882 1238 1947 111111
1270 1881 1398 1968 profiteri
1446 1883 1447 1908 ³

264 1988 369 2072 palem
393 1989 425 2049 et
447 1985 516 2069 ipse
539 2006 662 2068 quoque
685 1985 751 2050 vito
780 1986 983 2068 moribusque
1014 1987 1144 2066 testari,
1179 2007 1243 2051 non
1274 2009 1399 2072 possum,
1446 1989 1447 2027 ³

264 2113 334 2176 quse
356 2111 425 2154 meu
447 2089 490 2152 sit
521 2087 708 2176 senlmntis,
741 2089 957 2168 dissimulare,
989 2090 1129 2174 alioqui,
1163 2091 1190 2154 si
1213 2092 1251 2156 de
1273 2091 1338 2155 Deo
1358 2090 1402 2173 pie
1446 2093 1447 2096 ’

263 2197 420 2262 sentirent
442 2216 567 2274 omnes,
592 2199 628 2260 ut
651 2197 753 2274 decet,
788 2217 854 2261 non
876 2197 997 2262 veniret
1019 2197 1054 2260 in
1075 2200 1213 2262 mentem
1237 2197 1315 2276 ulli,
1345 2195 1401 2258 dis-
1446 2217 1447 2236 ÷

831 2317 854 2356 „

263 2405 323 2470 wie
345 2429 379 2472 er
401 2405 582 2472 nuffkomen
605 2407 670 2485 sei,
705 2406 818 2470 danaus
846 2405 930 2470 donn
960 2405 1096 2472 kltlrlioh
1119 2408 1325 2492 eutspringen
1345 2406 1402 2469 und
1446 2445 1447 2450 κ

263 2534 304 2576 an
328 2516 384 2596 tag
407 2511 521 2574 komen
544 2511 628 2588 wirt,
652 2511 711 2575 wie
733 2533 768 2574 er
790 2510 907 2576 binden
923 2512 998 2576 oder
1014 2513 1064 2576 nit
1078 2513 1195 2576 binden
1213 2519 1295 2598 m‘dg.
1326 2511 1401 2576 Aber

263 2637 296 2680 es
319 2616 364 2680 sol
388 2613 423 2680 F„
448 2615 492 2682 M.
517 2617 551 2680 in
574 2616 681 2679 mitler
703 2617 773 2694 neit,
798 2616 885 2680 dison
909 2616 1019 2694 wolon,
1042 2618 1198 2697 ndmlieh,
1223 2619 1279 2683 des
1301 2638 1332 2681 er
1352 2617 1399 2679 der
1446 2643 1447 2664 1

263 2721 394 2806 lieiligst
417 2725 505 2787 veter
527 2725 646 2806 gensnt
669 2723 733 2786 und
757 2722 906 2805 gehulten
930 2722 1019 2800 wint,
1043 2743 1091 2786 wo
1115 2723 1165 2787 nit
1186 2743 1245 2808 ger
1268 2723 1398 2806 ablegeu,
1446 2734 1447 2769 3

262 2829 334 2890 edm
356 2827 529 2911 wenigsten
553 2827 804 2904 auffsohdrtzen,
840 2828 904 2891 und
932 2827 1053 2892 hinden
1082 2832 1207 2908 setzen,
1243 2830 1322 2894 111111
1353 2827 1398 2890 be·
1446 2861 1447 2876 ι

264 2931 421 3008 (1111111111,
456 2932 506 2995 nit
528 2932 586 2996 wie
609 2953 641 2996 es
664 2932 791 2996 ietzund
813 2933 865 2996 ein
888 2933 1006 3018 gestnlt
1028 2934 1089 2998 mit
1110 2935 1155 2997 im
1185 2935 1263 3011 hat,
1297 2933 1398 2996 sonder
1446 2929 1447 2981 3

263 3035 322 3099 wie
345 3057 376 3099 11
400 3035 583 3120 snfeuglioh
607 3057 749 3122 genesen
774 3037 825 3115 ist,
849 3037 914 3102 und
937 3037 1048 3102 billich
1071 3039 1138 3102 sein
1161 3039 1233 3102 solt.
1267 3036 1308 3101 Fas
1330 3055 1398 3101 were

263 3137 409 3204 hdehlich
434 3145 471 3206 nt
494 3142 672 3219 wiinsohen,
696 3142 751 3206 das
775 3164 848 3206 man
872 3142 955 3206 diser
979 3142 1172 3226 disputetion
1197 3143 1305 3208 mtcht
1318 3138 1397 3208 riber-
1446 3158 1447 3193 ὲ

264 3243 367 3308 haben
391 3245 468 3308 sein.
586 3259 587 3262 ’

350 3349 393 3414 Es
415 3350 511 3435 gehet
532 3352 607 3416 aber
630 3352 739 3431 demit,
763 3353 823 3416 wie
846 3353 900 3417 der
920 3352 1012 3417 Plato
1036 3359 1118 3438 segt,
1142 3353 1181 3417 da
1203 3373 1236 3416 er
1260 3353 1397 3417 beweissn
1446 3370 1447 3373 ’

264 3457 350 3519 milet
372 3453 426 3518 dns
451 3454 513 3520 Gor
536 3457 623 3534 sind,
657 3458 721 3522 und
755 3458 810 3522 des
843 3458 982 3523 11111111
1008 3457 1237 3523 mensohlioher
1257 3459 1334 3542 ding
1354 3478 1397 3520 nn·
1446 3506 1447 3511 1

156 3604 161 3615 x
264 3581 397 3639 nemen,
431 3560 510 3624 uuoh
538 3561 587 3624 die
619 3560 1307 3628 101111111111111111111111111111111111.
1350 3557 1397 3623 wo

262 3665 313 3728 nit
335 3665 450 3730 etliehe
474 3666 517 3729 vil
540 3667 683 3731 verkerte
707 3669 787 3731 11111
810 3690 930 3746 weren,
965 3671 1038 3753 sngt
1066 3691 1120 3745 er,
1156 3667 1206 3730 die
1237 3665 1395 3752 obgemelte
1446 3711 1447 3719 ,

264 3769 417 3853 meinung
440 3769 554 3847 haben,
578 3771 728 3849 ntimlioh,
752 3793 784 3835 es
807 3773 891 3836 seien
914 3773 1007 3838 keine
1032 3772 1129 3852 Gdtt,
1166 3794 1201 3836 so
1225 3795 1307 3838 were
1329 3773 1395 3836 diser
1446 3817 1447 3823 1

263 3874 458 3957 disputation
483 3896 540 3960 ger
563 3876 613 3940 nit
630 3897 691 3940 von
716 3881 823 3954 utten,
847 3876 950 3941 Dweil
974 3899 1005 3940 11
1029 3879 1338 3961 aber'nusgebreitet
1357 3875 1395 3946 ist,

263 3980 327 4044 und
351 3979 394 4043 vil
419 3981 473 4043 der
496 3981 649 4066 meinung
680 3982 772 4059 sind,
808 3983 855 4046 sol
884 3983 949 4047 und
971 3984 1035 4047 ken
1058 3983 1125 4048 iehs
1149 3983 1200 4046 nit
1223 3981 1394 4067 umbgehen,
1446 4010 1447 4016 1

262 4088 351 4149 sonst
376 4106 424 4149 wo
452 4105 484 4148 es
513 4086 602 4150 recht
632 4085 787 4171 nugieng,
823 4086 871 4150 sol
905 4109 979 4150 mon
1013 4087 1080 4151 dise
1110 4088 1183 4152 rede
1212 4108 1271 4173 gar
1300 4087 1346 4150 nit
1368 4082 1393 4142 in
1446 4135 1447 4138 ¹

263 4189 382 4255 zwoifel
405 4194 518 4254 setzen.
553 4189 594 4255 Js
616 4213 648 4254 es
671 4193 718 4256 sol
743 4191 891 4256 niemend
914 4192 947 4255 in
971 4192 1043 4255 sinn
1068 4192 1228 4268 kommen,
1252 4193 1346 4254 daven
1364 4187 1393 4247 ul

263 4293 367 4356 reden.
414 4292 491 4358 Also
514 4296 606 4380 gehts
638 4297 717 4361 euch
750 4298 819 4361 ietn
865 4297 928 4362 Wo
961 4299 1011 4361 die
1035 4297 1135 4380 Bspsr
1166 4298 1217 4360 nit
1246 4297 1305 4360 elle
1331 4293 1393 4371 ding

264 4391 443 4478 verwdstet,
466 4402 530 4464 und
554 4424 594 4466 un
618 4402 685 4468 sioh
708 4403 865 4489 gerissen,
889 4404 1004 4468 sonder
1027 4425 1118 4467 wenn
1143 4402 1189 4466 111
1213 4403 1273 4466 ires
1296 4399 1390 4479 Ampts
