2902 4996
792 333 851 398 124

241 501 342 568 aDeo
365 504 476 582 vetuit,
500 503 583 588 qood
608 503 714 569 nullus
736 525 877 588 unquam
899 503 976 571 feeit
998 507 1164 590 tyrannm,
1187 506 1379 590 quantumvis

239 606 432 672 inhumanus
446 611 478 673 et
492 612 601 686 atrox3
625 608 691 692 qui,
706 612 778 692 post
794 609 929 674 vetitum
945 609 1195 688 matrimonium,
1218 611 1379 676 fenestram

239 713 363 798 aperuit
384 716 416 778 et
439 712 525 777 viam
548 713 697 797 patefecit
718 715 758 780 ad
780 737 875 779 omne
897 736 997 800 genus
1021 715 1203 794 libidinum,
1227 717 1339 801 quibus
1353 720 1379 781 et

240 819 316 903 ipse,
341 821 494 902 tanquam
515 824 624 884 auctor
647 819 740 902 hujus
763 823 828 884 tem
851 819 980 884 nefariae
997 820 1086 905 legis,
1109 821 1285 886 concitatus
1300 821 1380 886 furiis

240 922 429 1000 ultricibus,
463 923 604 988 omnium
638 925 839 1008 spureissime
866 924 933 991 fere
966 927 1200 993 contaminatus
1235 933 1298 1004 est3
1333 927 1380 1010 qui
1437 973 1438 1019 ;

239 1051 334 1108 nuno,
357 1033 563 1114 posteaquam
585 1030 725 1096 detectus
741 1034 798 1108 est,
823 1034 859 1096 ut
874 1031 1036 1114 apostolus
1052 1032 1290 1116 prenuntiavit,
1313 1032 1381 1097 totis
1437 1031 1438 1038 ’

240 1135 362 1200 viribus
377 1139 542 1219 oppugnat
557 1135 740 1213 veritatem3
765 1137 818 1221 qui
835 1141 988 1220 tanquam
1004 1137 1086 1202 alter
1101 1136 1381 1203 Nabuchodonosor

242 1261 367 1318 omnes,
392 1245 548 1326 quotquot
570 1246 709 1308 statuam
731 1244 797 1327 ejus
821 1265 886 1308 non
909 1244 1051 1322 adorant,
1075 1246 1107 1308 et
1129 1243 1244 1327 ipsum,
1268 1247 1304 1308 ut
1324 1247 1378 1308 ter·

240 1368 351 1412 renum
385 1369 522 1426 numen,
556 1371 711 1415 summanr
745 1350 944 1416 obtinentem
975 1349 1010 1414 in
1043 1349 1166 1414 animas
1198 1352 1231 1414 et
1261 1371 1381 1434 eorpora

239 1454 350 1518 nostra
370 1456 569 1537 potestatem,
594 1477 657 1522 non
682 1460 865 1520 reverentur
888 1461 920 1520 et
943 1457 1062 1534 colunt,
1086 1455 1300 1520 crudelissime
1317 1477 1380 1538 per·

240 1558 397 1642 sequitur3
430 1560 484 1643 qui
515 1562 716 1645 praesteria
739 1561 865 1646 populis
895 1561 1097 1628 Germaniam
1120 1583 1185 1626 non
1207 1559 1305 1624 semel
1325 1559 1380 1623 oir-

241 1664 410 1744 oumvenit,
434 1665 507 1730 risit
529 1670 562 1732 et
583 1667 696 1751 opibus
719 1665 891 1753 exhausit,
915 1669 981 1752 qui,
1004 1668 1132 1732 tametsi
1148 1667 1268 1733 videta
1289 1665 1380 1751 pluri·

241 1769 302 1836 mis
321 1771 388 1855 jam
417 1793 451 1836 se
480 1771 668 1838 destitutum
699 1795 786 1850 esse,
820 1773 895 1838 licet
925 1774 1086 1858 intelligat
1120 1773 1238 1837 multos
1267 1771 1305 1835 ad
1334 1770 1380 1833 de-

241 1874 409 1941 fectionem
433 1880 583 1962 spectare,
607 1901 790 1962 quanquam
806 1901 869 1943 non
887 1878 1023 1964 ignorat,
1046 1877 1199 1960 paulatim
1216 1873 1379 1942 abalienari

241 1978 427 2065 plerosque,
457 2004 583 2048 securus
606 1985 714 2048 tamen
737 1983 900 2066 persistit,
934 1987 967 2048 et
985 1967 1081 2068 ¹quasi
1106 1981 1230 2046 nullum
1252 1984 1331 2045 esset
1352 1981 1381 2042 in

241 2084 339 2168 ipsius
362 2085 428 2151 vita
449 2086 623 2171 flagitium,
659 2109 723 2152 non
756 2088 875 2171 praebet
896 2088 998 2152 ullum
1022 2087 1219 2171 poenitentiae
1242 2086 1381 2170 signunu

241 2189 311 2267 his,
345 2189 490 2275 inquam,
523 2192 561 2257 (19
582 2193 684 2258 causis
708 2194 895 2258 deserendus
919 2196 987 2272 est,
1023 2215 1059 2258 99
1081 2191 1269 2277 fugiendum
1291 2189 1329 2254 ab
1351 2210 1382 2251 eo

243 2297 396 2380 tanquam
418 2297 459 2362 ab
480 2298 623 2364 omnium
646 2300 830 2364 mortalium
861 2299 1065 2383 nequissimo.
1110 2296 1161 2362 Sia
1191 2296 1319 2360 meritus
1341 2299 1383 2357 est

242 2399 331 2486 ipse,
363 2401 409 2466 sio
432 2401 532 2486 ipsius
555 2404 705 2488 majores,
739 2403 906 2484 danobis,
943 2408 980 2468 ut
1002 2405 1098 2470 liceat
1128 2401 1168 2466 ab
1191 2422 1228 2466 eo
1252 2422 1381 2486 quacun-

243 2527 304 2590 que
326 2506 454 2572 tandem
476 2508 599 2574 ratione
622 2531 825 2594 recuperare,
860 2531 929 2594 quse
952 2508 1094 2594 pervim
1117 2511 1148 2572 et
1172 2507 1280 2571 dolum
1300 2503 1382 2568 nobis

242 2609 369 2675 ademit.
426 2610 520 2678 Sedet
552 2614 716 2693 intentus,
754 2619 787 2680 et
820 2615 1001 2699 speculetur
1034 2635 1162 2680 omnem
1197 2611 1381 2678 oooesionem

243 2718 456 2782 eououtiendae
479 2717 665 2785 Germaniae.
711 2720 793 2796 Quia
815 2724 970 2806 tyrannus
1002 2722 1071 2798 est,
1107 2717 1265 2783 nemiuem
1296 2717 1381 2790 amat,

244 2819 313 2884 odit
342 2843 471 2898 omnes,
504 2827 537 2888 et
568 2823 636 2890 odit
658 2849 677 2890 a
698 2825 809 2890 multis
834 2825 902 2909 jam
931 2823 1070 2903 saeoulis,
1105 2827 1138 2888 et
1167 2845 1230 2907 quo
1261 2821 1382 2906 quisque

243 2926 405 3009 potentior
428 2931 485 3006 est,
509 2929 568 2994 hoo
591 2930 807 2997 vehementius
830 2953 902 2996 eum
925 2931 1013 3008 odit3

809 3103 827 3144 ὴ

244 3240 403 3322 erinnem,
427 3246 606 3310 dermassen
628 3267 800 3330 erzeygen,
831 3247 886 3312 das
908 3245 1112 3330 demjheuen,
1147 3245 1203 3308 der
1225 3243 1301 3308 alles
1322 3260 1382 3304 191-

243 3346 340 3433 giftet
362 3349 427 3412 und
450 3350 596 3415 verderbt
617 3351 707 3429 hott,
737 3351 797 3417 wie
820 3351 870 3416 die
892 3351 1007 3417 sehrift
1029 3354 1120 3436 segt,
1150 3349 1206 3414 (191
1229 3349 1290 3414 alle
1311 3343 1382 3409 hoff·

244 3474 334 3539 nung
356 3454 487 3540 eyniger
509 3455 682 3542 besserung
704 3456 919 3534 absehneidet,
943 3457 998 3521 (191
1021 3456 1133 3521 anders
1157 3455 1207 3519 nit
1230 3453 1298 3518 sein
1316 3450 1380 3523 nn,

244 3557 329 3624 daun
354 3559 413 3624 wie
436 3561 544 3639 erist,
568 3561 622 3628 der
645 3562 678 3626 in
702 3561 811 3640 disem,
834 3583 896 3626 von
918 3561 962 3624 im
978 3560 1181 3646 atgeriehten
1194 3560 1306 3643 jamer,
1326 3551 1382 3618 und

243 3684 418 3749 gemeyner
451 3665 571 3744 elleod,
607 3665 714 3730 niehts
745 3667 875 3744 anders,
909 3665 995 3730 dann
1017 3687 1112 3730 unser
1131 3651 1307 3728 ¹verderben
1326 3655 1382 3722 und

121 3794 123 3798 ¹
244 3768 425 3834 endtlieheo
449 3769 635 3854 undergang
658 3769 802 3856 begeret,
835 3793 876 3834 an
908 3769 1010 3835 seiner
1040 3761 1198 3852 hoffnung
1221 3769 1286 3832 und
1307 3763 1382 3828 blut

244 3874 380 3960 girigem
410 3875 476 3938 lust
506 3874 593 3942 lblen
617 3875 719 3940 wirdt.
765 3875 828 3954 lar,
861 3875 926 3940 und
957 3876 1043 3940 seine
1073 3874 1242 3950 19119199,
1276 3869 1382 3935 habens

244 3980 320 4045 urnb
343 4002 419 4060 uns,
452 3980 518 4045 und
541 4003 653 4046 unsere
674 3981 794 4046 Nation
820 3981 1001 4045 dermassen
1023 3979 1205 4056 verdienet,
1233 3977 1288 4042 des
1317 3992 1383 4037 man

244 4085 373 4150 billiche
395 4086 460 4150 und
483 4085 574 4151 mehr
596 4085 680 4150 donn
705 4089 882 4170 gntgsame
914 4085 1027 4150 ursaoh
1058 4085 1133 4161 hat,
1168 4084 1213 4146 im
1244 4081 1301 4146 mit
1320 4074 1382 4142 auf·

244 4190 414 4274 riohtigem
437 4190 543 4275 krieg,
576 4191 650 4255 oder
682 4195 789 4268 sonst,
823 4190 997 4254 widerumb
1020 4188 1254 4274 abarldringen,
1283 4186 1331 4248 das
1352 4201 1382 4244 er

245 4316 306 4360 uns
329 4294 390 4360 mit
411 4295 613 4360 liisterliehen
638 4295 821 4381 practioken
844 4299 999 4382 entmgen
1021 4294 1087 4359 hat.
1157 4323 1160 4329 ·
