2930 4998
589 365 650 428 215

62 538 91 602 de
111 538 256 622 patribus,
281 538 320 603 de
341 537 482 603 conciliis
506 541 537 603 et
560 537 703 616 decretis,
726 537 763 600 de
778 535 875 622 longa
895 538 1132 617 consuetudine,
1155 538 1193 602 ds

61 643 189 708 navicula
203 643 301 720 Petri,
325 642 362 707 de
385 647 584 708 sacrosancta
606 643 687 720 sede,
712 665 747 706 ao
770 642 899 706 ecclesia
922 643 1085 720 catholice,
1110 643 1193 708 nihil

60 751 85 810 te
104 753 245 813 moveant
267 747 421 831 ejusmodi
449 768 548 812 voces.
595 747 671 811 Haec
702 747 787 810 enim
823 751 898 810 sunt
933 747 989 812 illa
1019 749 1127 812 suavia
1161 753 1193 812 et

61 852 162 918 blanda
191 854 354 929 carmina,
388 873 457 935 quae
491 851 609 916 multos
641 851 676 915 in
707 872 845 916 errorem
876 855 907 915 et
931 853 1097 938 naufragia
1120 875 1192 937 per·

61 956 330 1039 [biiij]traxerunt.
362 957 420 1021 Hae
443 959 517 1024 sunt
540 956 604 1022 illae
615 955 750 1034 Sirenes
774 979 852 1039 quas
874 956 1030 1022 obturatis
1053 959 1192 1034 auribus,

59 1065 87 1124 ut
106 1059 230 1146 Ulysses
253 1061 339 1139 tecit,
363 1061 629 1146 praeternavigare
648 1063 782 1144 oportet,
805 1065 842 1124 ut
857 1061 992 1126 evitetur
1007 1062 1191 1146 periculum.

18 1179 19 1182 ’
58 1164 114 1230 Hoc
134 1165 219 1230 enim
242 1165 339 1230 semel
361 1168 447 1230 certo
471 1165 673 1230 statuendum
696 1169 753 1242 est,
777 1165 920 1228 omnium
943 1165 1107 1230 hominum
1123 1167 1193 1251 opi-

18 1301 19 1358 3
58 1270 161 1346 niones,
185 1269 374 1335 traditiones
396 1274 491 1354 atque
514 1271 633 1352 scripta
655 1270 767 1334 debere
789 1291 855 1334 esse
871 1276 1082 1336 consentanea
1098 1272 1193 1336 verbo

18 1365 19 1430 j
58 1373 113 1441 Dei.
150 1374 243 1440 Vidit
266 1375 324 1440 hoc
347 1375 381 1439 in
404 1375 550 1439 civilibus
573 1376 667 1439 rebus
690 1379 722 1438 et
745 1396 839 1439 ausus
863 1379 911 1439 est
933 1374 1068 1440 seribere
1094 1376 1194 1453 Plato,

18 1469 19 1494 ³
58 1502 115 1544 eum
137 1479 293 1558 affirmat,
318 1501 511 1563 quaecunque
533 1480 596 1544 alia
619 1480 754 1563 scripta,
784 1479 811 1543 si
834 1481 991 1544 diversum
1014 1480 1195 1544 sentiente

58 1584 176 1668 legibus,
200 1606 266 1648 esse
289 1584 466 1668 rejicienda.
499 1583 597 1669 Leges
614 1587 719 1648 autem
736 1585 893 1668 putabant
908 1607 974 1648 csse
991 1585 1049 1650 Dei
1065 1587 1193 1662 (ionum,

59 1693 84 1752 ct
103 1689 169 1754 idco
191 1693 315 1754 tantam
338 1690 383 1754 eis
406 1690 589 1754 tribuebant
611 1689 840 1754 auctoritatem.
873 1688 920 1754 Ex
936 1712 998 1774 quo
1016 1695 1122 1773 potest
1143 1691 1194 1754 in-

59 1795 166 1879 telligi,
191 1817 287 1878 quam
309 1817 372 1859 non
395 1795 464 1859 sine
485 1795 608 1880 flagitio
632 1795 746 1859 mutari
772 1797 895 1878 possint
917 1796 994 1873 illa,
1018 1818 1087 1880 quae
1110 1795 1194 1860 Deus

60 1899 135 1980 ipsc,
170 1921 275 1964 rerum
300 1899 461 1976 conditor,
498 1899 676 1963 ministerio
699 1899 830 1983 spiritus
853 1901 984 1983 reliquit
1016 1901 1127 1977 nobie,
1162 1906 1193 1965 et

18 2005 19 2008 ’
59 2004 171 2086 scriptis
196 2004 417 2087 comprehendi
440 2004 560 2080 voluit,
586 2007 620 2067 ut
643 2007 780 2079 extaret,
805 2005 888 2088 quod
910 2009 1061 2088 perpetuo
1084 2027 1194 2088 seque-

18 2137 19 2140 *
59 2129 160 2174 remur.
209 2109 406 2193 Quanquam,
432 2109 458 2170 si
482 2108 658 2191 pontifices,
682 2109 798 2193 quique
821 2107 959 2192 pendent
983 2111 1022 2174 ab
1046 2132 1098 2189 ec,
1122 2134 1195 2195 pro·

60 2214 143 2281 bandi
166 2215 234 2279 sint
256 2214 295 2280 ad
328 2235 471 2278 normam
494 2217 635 2278 veterum
668 2233 823 2278 canonum
859 2219 890 2278 et
919 2215 1194 2294 constitutionum,

58 2318 126 2385 bone
148 2318 251 2397 Deus,
284 2341 379 2402 quam
402 2339 466 2383 uon
490 2321 608 2401 queant
631 2318 733 2382 locum
758 2341 848 2384 suum
871 2321 974 2383 tueri!
1022 2320 1105 2386 Nam
1128 2321 1195 2386 vio-

616 2437 633 2476 a

18 2495 19 2564 i
58 2551 159 2608 nones,
191 2528 272 2594 alter
295 2527 448 2592 lbblicher
470 2527 677 2592 herbraohter
700 2528 834 2606 brauoh,
859 2529 889 2594 S.
913 2530 1022 2594 Petere
1044 2529 1196 2607 schifflin,

18 2647 19 2650 ’
58 2637 102 2700 der
121 2636 222 2720 heilig
244 2635 310 2700 stul
331 2634 397 2698 und
418 2633 639 2717 Apostolische
662 2634 761 2711 kirch,
786 2639 844 2700 eto.
891 2633 955 2700 Das
978 2635 1049 2698 sind
1072 2634 1122 2697 die
1144 2629 1197 2698 sris

57 2741 197 2826 singende
219 2738 363 2824 Syrenes,
388 2762 444 2804 vor
466 2740 606 2804 welchen
630 2739 666 2803 Ε.
684 2739 727 2803 Μ.
752 2741 813 2804 mit
835 2737 1063 2824 adgestopfften
1088 2740 1196 2815 ohren,

18 2851 19 2854 ’
58 2844 191 2910 herfaren
210 2849 291 2922 mdo,
315 2846 374 2908 wie
390 2845 444 2908 der
459 2843 588 2927 Ulysses
603 2844 683 2922 thet,
707 2844 809 2908 demit
831 2867 864 2909 er
887 2843 986 2909 durch
1009 2845 1059 2908 die
1083 2843 1195 2907 dirnen

58 2950 100 3014 nit
120 2950 323 3035 angereitzet,
346 2951 412 3014 und
435 2951 501 3014 also
523 2951 557 3014 in
580 2950 683 3015 seiner
706 2950 866 3035 schiffung
881 2949 1065 3014 verhindert
1080 2947 1196 3012 ubrde.

58 3051 138 3118 Deun
154 3053 221 3119 dise
235 3053 410 3118 Maximam
425 3054 471 3119 sol
495 3055 560 3118 und
582 3059 652 3120 mbs
677 3077 748 3118 man
772 3056 885 3119 wissen
908 3057 973 3119 und
998 3055 1118 3130 holten,
1143 3053 1197 3116 das

58 3158 126 3224 aller
147 3157 319 3223 menschen
334 3157 507 3236 schrifften,
533 3158 705 3236 Concilien,
730 3160 794 3222 und
811 3159 1008 3244 ordnungen,
1033 3159 1103 3222 dem
1118 3161 1199 3221 wort

60 3261 159 3330 (toties
183 3265 233 3328 nit
254 3259 382 3329 missen
405 3265 541 3329 niwider
564 3265 641 3328 sein.
673 3264 803 3329 Welchs
826 3266 881 3328 der
896 3263 979 3328 Heid
993 3263 1095 3340 Plat0,
1119 3261 1200 3326 auch

58 3369 86 3432 in
106 3369 327 3455 burgcrliohen
351 3370 468 3454 dingen
492 3369 549 3434 hat
572 3371 671 3434 dbreu
703 3369 884 3460 schreiben,
919 3370 958 3433 da
980 3390 1013 3433 er
1035 3372 1125 3452 aagt,
1156 3367 1199 3431 Es

58 3469 172 3540 mitten
194 3475 256 3540 alte
279 3475 394 3540 andere
417 3475 599 3553 schrifften,
631 3476 691 3539 mit
713 3476 784 3538 dem
807 3474 1034 3560 gesohribenen
1056 3473 1121 3536 und
1145 3494 1198 3556 ge-

59 3583 165 3645 sctrten
187 3579 317 3645 rechten
341 3581 455 3646 stimen
486 3581 552 3645 und
582 3579 828 3665 gleiohfdrmig,
863 3580 938 3644 oder
972 3579 1072 3643 sollen
1108 3576 1198 3640 nichs

59 3685 131 3748 werd
162 3685 240 3750 sein.
286 3684 397 3750 Solche
428 3707 535 3769 grosse
569 3685 744 3750 authoritet
773 3685 876 3749 haben
907 3685 952 3748 sie
976 3685 1047 3747 dem
1068 3680 1198 3745 rechten

59 3790 115 3853 und
144 3794 248 3875 gesetz
281 3795 503 3876 adgemessen,
539 3791 631 3854 dweil
656 3791 726 3874 [47]
760 3792 859 3855 sices
882 3790 1027 3854 achteten
1053 3809 1107 3850 vor
1131 3785 1200 3848 eine

60 3893 113 3974 gab
133 3895 206 3960 oder
229 3896 405 3980 geschenck
428 3898 522 3960 deren
546 3895 633 3960 tht.
679 3894 754 3960 Und
777 3918 811 3960 so
834 3898 904 3959 dem
936 3895 1020 3970 also,
1053 3892 1113 3955 mit
1136 3911 1198 3952 was

60 3999 164 4079 gestalt
186 4001 261 4065 oder
285 4001 458 4084 gewissen,
491 4001 558 4065 will
579 4003 654 4065 oder
676 4002 739 4064 han
762 4023 835 4064 man
860 3999 1042 4082 dasjhenig,
1079 4018 1114 4060 so
1137 3994 1201 4058 Got

60 4101 131 4168 solbs
154 4106 266 4190 geredt
287 4106 351 4170 und
374 4106 528 4170 bevolhen
551 4108 623 4182 hat,
659 4107 873 4170 vertindcren‘?
918 4103 1073 4178 Wiewol,
1108 4122 1199 4163 wcnn

61 4205 216 4292 dieBtipst
238 4213 343 4292 sampt
365 4210 445 4274 irem
468 4209 605 4285 hauffen,
630 4210 731 4274 solten
757 4210 837 4276 nach
862 4211 922 4272 den
946 4209 1031 4272 alten
1046 4206 1200 4270 Decrcten

61 4311 117 4374 und
138 4311 284 4380 Oenonen
309 4314 497 4380 examinicrt
528 4315 667 4390 werden,
704 4312 777 4378 hilff
798 4313 879 4390 Got,
915 4335 963 4376 wo
996 4311 1125 4375 wtirden
1157 4310 1201 4373 sie

62 4412 199 4484 bleiben?
231 4418 282 4484 Sie
304 4419 407 4484 haben
431 4419 492 4484 alls
514 4423 590 4505 grite
612 4419 749 4483 lbbiiche
765 4419 919 4483 Decreten
941 4415 1202 4500 durchgebissen,
