2930 4998
755 339 819 402 280

1097 405 1109 434 Ι

215 512 430 599 litigatoribus
454 509 519 574 suis
534 532 598 575 non
615 513 743 574 careant
766 507 851 594 (quis
873 510 959 574 enim
981 509 1129 574 omnibus
1151 511 1285 594 placeat,
1310 513 1362 573 aut

215 621 311 684 etiam
335 640 366 682 se
390 639 507 700 suaque
530 616 653 700 plaeere
674 618 763 700 optet
773 617 802 699 1)
836 619 944 680 tamen
967 615 1007 679 ab
1030 614 1069 678 iis
1093 616 1149 699 qui
1171 618 1265 680 recte¹
1282 613 1363 678 sine-

216 745 277 808 que
287 722 478 806 praeiudicio
494 719 644 796 iudicant,
668 719 807 802 plurimi,
832 719 878 783 ita
892 722 930 782 ut
946 720 1117 797 merentur,
1141 719 1211 784 fieri
1228 721 1364 784 constat.

198 805 261 892 'Te
284 848 425 911 quoque,
449 824 638 890 amicissime
660 822 831 900 Meibomi‚
855 823 939 887 inter
962 844 1013 888 eos
1036 845 1102 888 esse
1125 825 1216 901 novi,
1251 823 1366 907 quibus

215 933 268 996 hic
289 953 394 996 rerum
410 930 668 996 Germanicarum
692 929 897 1013 gravissimus
920 933 951 994 et
972 928 1175 994 fidelissimus
1198 932 1311 994 auctor
1334 928 1367 990 in

215 1038 321 1122 precio
344 1042 376 1101 et
399 1039 434 1100 in
457 1036 576 1101 deliciis
600 1035 746 1099 habetur.
791 1033 991 1118 Argumento
1014 1035 1064 1098 vel
1096 1033 1157 1098 hoc
1188 1037 1253 1112 est,
1286 1031 1369 1115 quod

216 1142 283 1206 eius
305 1141 449 1206 libellum
473 1141 511 1206 de
533 1145 670 1224 quatuor
693 1140 825 1204 summis
849 1139 991 1223 imperiis
1015 1138 1109 1222 (quae
1126 1140 1222 1224 vulgo
1240 1159 1368 1202 monar-

217 1248 305 1312 chiae
327 1247 536 1331 usurpantur)
560 1245 750 1310 doctissimis
770 1243 900 1310 scholiis
917 1245 982 1309 tuis
997 1245 1191 1308 illustratum
1209 1243 1370 1308 studiosae

217 1351 431 1430 iuventutiin
455 1352 559 1414 vestra
583 1349 741 1414 academia
764 1348 804 1413 ad
826 1371 981 1412 summam
1006 1334 1165 1431 quendam
1182 1349 1370 1413 historicam

218 1456 324 1520 animo
346 1454 471 1520 facilius
492 1453 815 1538 comprehendendam
848 1454 1008 1538 proponis.
1055 1453 1245 1519 Rectissime
1278 1475 1368 1518 sane:

219 1564 314 1644 atque
335 1565 372 1624 ut
394 1560 461 1625 eius
485 1559 562 1624 facti
584 1561 632 1624 tui
655 1561 880 1644 approbatores
903 1559 999 1624 habes
1022 1560 1186 1642 plurimos,
1210 1559 1258 1623 ita
1274 1563 1308 1622 ct
1323 1579 1371 1622 me

218 1664 284 1729 illis
304 1685 453 1750 aggrego.
487 1665 592 1741 Quum
609 1668 715 1729 autem
730 1665 878 1740 uiderem,
902 1667 1005 1728 cetera
1020 1663 1147 1747 quidem
1163 1663 1226 1736 uiri
1242 1664 1369 1746 scripta,

218 1774 286 1836 tem
311 1791 380 1854 quae
402 1792 441 1835 ex
463 1769 595 1836 Gallicis
617 1768 733 1834 Latina
754 1768 847 1846 fecit,
871 1790 966 1851 quam
990 1789 1069 1850 quae
1091 1766 1159 1850 ipse
1182 1767 1369 1852 composuit,

220 1879 252 1938 et
274 1877 393 1940 versari
416 1876 533 1960 passim
555 1875 589 1938 in
613 1875 761 1939 manibus
785 1874 996 1938 studiosorum
1029 1875 1060 1936 et
1095 1873 1220 1956 saepius
1244 1871 1368 1936 recudi:

219 1980 368 2060 mirabar,
394 1981 471 2064 quid
493 1981 621 2046 tandem
637 1981 717 2045 istae
734 1980 812 2044 duae
827 1980 986 2043 orationes
1002 1977 1134 2042 meritae
1149 1981 1264 2053 essent,
1290 1976 1370 2060 quod

220 2084 267 2149 ita
289 2091 475 2170 premantur
498 2091 535 2150 ut
557 2087 718 2151 rarissime
741 2085 995 2167 conspiciantur:
1018 2105 1089 2147 cum
1113 2080 1240 2164 quidem
1264 2081 1303 2145 de
1324 2102 1370 2144 re·

220 2191 279 2254 bus
301 2191 397 2276 longe
419 2191 616 2276 gravissimis
639 2190 831 2274 maximique
854 2191 1009 2254 momenti
1032 2189 1214 2271 disputent,
1249 2208 1316 2250 non
1338 2187 1371 2249 in

221 2296 345 2360 scholas
367 2295 496 2373 umbra,
529 2295 581 2360 sed
612 2295 646 2358 in
669 2296 737 2359 luce
761 2294 952 2378 reipublicae
974 2298 1006 2358 et
1030 2293 1157 2377 imperii
1182 2291 1370 2358 Germanici.

308 2400 461 2484 Equidem
485 2422 555 2465 oum
578 2401 650 2489 illas
681 2401 714 2464 in
741 2398 931 2464 bibliotheca
954 2398 1110 2464 Matthiae
1127 2397 1249 2485 Bergii,
1273 2422 1372 2464 avun-

222 2506 286 2590 culi
308 2505 464 2571 carissimi
487 2529 516 2590 p.
541 2527 600 2583 m,
626 2506 757 2589 abipso
780 2504 859 2568 mihi
883 2506 989 2590 legata
1010 2503 1214 2588 reperissem,
1249 2525 1285 2568 ac
1308 2525 1374 2568 me·

223 2609 403 2691 misissem,
428 2610 468 2675 ab
491 2611 569 2694 ipso,
593 2612 668 2675 dum
691 2610 834 2688 vivebat,
867 2610 902 2672 in
925 2609 1018 2674 rebus
1041 2609 1213 2673 carissimis
1237 2609 1373 2689 habitas,

223 2715 359 2782 iudicavi
382 2716 461 2780 mihi
484 2717 524 2780 ab
546 2716 680 2780 interitu
703 2714 926 2792 vindicandas,
950 2718 1007 2777 aut
1028 2719 1130 2792 certe,
1161 2719 1319 2798 quantum
1341 2716 1375 2792 in

224 2841 273 2884 me
296 2825 392 2900 esset,
424 2821 663 2905 cumpluribus
686 2819 758 2884 aliis
782 2818 1077 2896 communicandas,
1112 2841 1131 2883 a
1153 2819 1270 2904 quibus
1294 2819 1375 2884 forte

224 2925 365 2990 nondum
389 2926 473 2990 visae
495 2929 609 3003 essent,
634 2946 751 3010 magno
773 2928 879 2988 autem
904 2947 975 2988 cum
998 2924 1107 3005 fruptu
1130 2926 1281 3008 cognosci
1303 2947 1375 3009 pos-

224 3031 305 3095 sent.
353 3030 553 3113 Quamquam
576 3029 665 3116 enim
684 3028 992 3112 hisquiuquaginta
1014 3029 1126 3108 annis,
1162 3029 1222 3094 hoc
1246 3031 1377 3114 inquam

224 3132 370 3211 iubilaeo,
394 3136 467 3217 post
489 3155 542 3197 eas
564 3133 701 3216 primum
724 3133 859 3217 scriptas
876 3136 972 3216 atque
987 3133 1089 3198 editas
1105 3134 1235 3217 elapsis,
1261 3156 1377 3220 magna

225 3237 309 3303 facta
331 3242 379 3301 est
401 3241 581 3322 temporum
603 3239 819 3315 commutati0,
845 3242 877 3301 61
899 3238 962 3301 6116
986 3240 1081 3321 atque
1097 3238 1191 3302 aliter
1207 3238 1375 3305 Sleidanus

225 3342 284 3408 hac
306 3346 415 3406 nostra
438 3346 626 3426 tempestate
649 3365 743 3426 quam
766 3364 823 3406 sua
845 3341 901 3408 illa
923 3342 1025 3406 dicere
1048 3346 1104 3406 aut
1126 3343 1266 3409 scribere
1289 3365 1377 3431 posse

225 3446 384 3513 videatur:
409 3447 520 3532 negari
543 3451 649 3512 tamen
673 3467 737 3510 uon
761 3447 852 3511 debet
876 3447 954 3531 quiu
976 3447 1017 3524 ii,
1043 3447 1099 3530 qui
1122 3447 1163 3512 ad
1184 3448 1378 3532 reipublicae

225 3552 438 3636 gubernacula
461 3554 587 3630 sedent,
611 3553 768 3618 etiamen
792 3552 904 3617 harum
928 3552 1062 3616 lectione
1085 3553 1270 3617 orationum
1295 3554 1376 3618 selu-

225 3659 307 3722 teria
330 3659 481 3742 quaedam
505 3660 636 3724 consilia
659 3667 815 3724 assumere
839 3661 871 3722 et
894 3658 933 3722 ad
955 3680 1047 3722 usum
1071 3659 1214 3725 conferre
1241 3661 1373 3742 possint.
1460 3737 1461 3748 χ

314 3763 392 3829 Cum
414 3769 520 3830 autem
543 3767 580 3830 de
602 3764 780 3829 renovanda
801 3763 904 3828 libelli
927 3764 1018 3828 istius
1041 3763 1179 3828 editione
1195 3765 1376 3850 cogitarem,

227 3869 297 3947 tibi,
321 3869 491 3947 Meibomi‚
527 3870 728 3952 potissimum
757 3869 839 3933 dono
865 3871 994 3933 mittere
1017 3891 1088 3932 eum
1112 3869 1215 3947 volui,
1254 3874 1324 3934 tum
1346 3873 1379 3940 ut

229 3981 311 4042 esset
340 3997 435 4058 penes
466 3978 498 4038 te
527 3973 653 4056 aliquod
683 3977 810 4038 nostrae
841 3975 954 4038 veteris
989 3973 1124 4038 notitiae
1159 3975 1379 4058 amicitiaeque

229 4080 355 4163 pignus,
380 4079 460 4144 siout
483 4100 541 4163 ego
565 4079 630 4142 eius
653 4078 754 4142 multa
776 4077 832 4141 abs
856 4081 887 4140 te
909 4078 1028 4141 habeo:
1053 4083 1122 4142 tum
1146 4081 1183 4140 ut
1206 4079 1287 4142 hinc
1305 4101 1378 4162 quo·

231 4204 291 4265 que
313 4187 434 4267 peteres
457 4184 540 4267 quod
564 4183 628 4246 sive
652 4182 691 4247 ad
714 4183 889 4266 augendam
912 4184 977 4247 sive
1000 4184 1038 4247 ad
1062 4183 1313 4248 confirmandam
1337 4183 1378 4246 ci-

230 4287 325 4350 vilem
348 4288 559 4371 prudentiam,
583 4310 677 4372 quam
701 4293 736 4352 tu
759 4310 797 4352 ex
819 4289 1024 4354 historiarum
1053 4309 1138 4372 penu
1162 4288 1378 4373 depromptam

233 4391 427 4456 auditoribus
449 4393 513 4458 tuis
535 4394 679 4477 apponis,
702 4394 885 4478 pertineret.
926 4394 1015 4460 Vale.
1062 4393 1230 4478 Altorphii
1253 4395 1288 4458 in
1311 4415 1376 4458 acc·
