2902 4996
584 311 645 374 113

53 484 172 564 fecistis,
205 484 376 550 admodum
405 483 495 550 eritis
517 483 654 550 ridiculi.
701 481 776 550 Non
803 486 870 570 jam
893 486 1113 570 permittitur,
1148 491 1186 550 ut

49 590 192 673 judicandi
217 594 405 675 potestatem
431 591 518 655 vobis
541 591 707 676 arrogetis,
730 613 839 656 verum
862 595 1050 676 torquentur
1072 593 1107 656 in
1128 613 1184 655 vos

51 697 223 781 gravissima
245 699 309 761 tela
332 696 601 762 criminationum.
633 695 786 772 Quocirca
802 697 890 762 vobis
910 698 1114 783 cogitandum
1137 699 1186 762 est

52 801 214 887 diligenter,
238 806 357 888 quanto
380 804 485 866 vestro
508 802 698 870 detrimento
721 807 752 866 et
775 803 952 888 ignominia
974 802 1118 868 futurum
1141 802 1186 866 sit

50 907 129 987 illud,
160 909 189 973 si
213 931 268 972 vos
291 909 325 972 in
348 907 475 992 publico
498 907 624 972 theatro
647 907 746 972 totius
769 908 855 972 orbis
878 907 1123 993 cou[l]tingeret
1146 905 1185 970 ad

51 1034 108 1076 eum
130 1013 260 1079 modum
282 1013 424 1096 superari
447 1017 479 1078 et
503 1013 714 1078 consilescere.
760 1012 844 1078 Nam
876 1017 912 1078 ut
943 1013 1050 1080 omnia
1081 1016 1186 1078 vestra
1318 1091 1323 1095 .

50 1118 214 1204 privilegia,
237 1122 270 1183 et
292 1117 440 1202 quicquid
465 1118 596 1184 omnino
618 1118 707 1184 vobis
731 1118 801 1184 usui
825 1139 892 1184 esse
915 1121 1035 1203 potest,
1062 1137 1185 1182 coacer-

51 1223 116 1286 vetis
138 1223 171 1288 in
197 1245 308 1300 unum,
333 1227 365 1287 et
387 1221 419 1286 in
437 1223 603 1288 concilium
620 1223 781 1301 miseratio,
804 1227 841 1288 ut
855 1244 963 1288 omnes
979 1222 1186 1306 undecunque

9 1413 10 1418 ἵ
51 1327 200 1414 theologos
223 1331 257 1392 et
278 1327 458 1412 pontificios
485 1327 727 1410 jurisconsultos
758 1328 976 1405 acutissimos,
1010 1331 1185 1392 vestrarum

9 1421 11 1466 l
50 1433 174 1515 partium
200 1432 390 1513 defensores,
414 1433 576 1498 adducatis
599 1455 646 1512 eo,
670 1437 776 1498 tamen
792 1433 860 1498 fieri
877 1455 939 1498 non
957 1431 1084 1516 poterit,
1108 1430 1184 1515 quin

49 1542 73 1601 et
91 1541 226 1624 tempus,
251 1537 334 1622 quod
356 1538 464 1603 omnia
487 1538 616 1624 detegit,
640 1542 673 1602 et
694 1539 870 1603 communis
886 1537 1050 1603 hominum
1067 1551 1185 1614 sensus,

51 1646 75 1706 ct
102 1645 206 1730 pudor
238 1644 305 1728 ipse
333 1646 436 1709 multa
468 1645 555 1709 vobis
585 1648 815 1727 extorqueant,
850 1665 919 1728 quae
947 1641 1076 1708 fatenda
1099 1640 1187 1706 vobis

50 1754 127 1813 crunt
160 1754 192 1814 et
222 1750 437 1828 concedenda,
471 1749 573 1814 multa
602 1749 754 1833 inquam,
789 1770 859 1833 quae
892 1747 1096 1832 pertinaciter
1128 1767 1187 1829 op-

49 1855 205 1939 pugnastis
241 1854 393 1933 antehac,
428 1859 460 1918 et
491 1857 621 1938 propter
653 1875 723 1937 quae
753 1853 906 1937 plurimos
941 1851 1118 1935 conjecistis
1152 1850 1185 1914 in

9 2013 11 2026 ,
51 1960 256 2025 acerbissimas
280 1961 475 2025 calamitates
498 1963 530 2024 et
551 1959 703 2024 miserias.
749 1957 878 2024 Publice
900 1957 978 2021 fient
1000 1957 1071 2036 ista,
1098 1975 1186 2039 spec-

50 2066 182 2130 tantibus
206 2069 238 2130 et
261 2065 462 2130 audientibus
484 2064 630 2129 omnibus
645 2063 788 2128 omnium
800 2063 1033 2147 provinciarum
1050 2060 1187 2145 populis.

603 2187 621 2228 ὴ

122 2277 235 2342 Ewcre
265 2277 385 2363 gelerte
416 2277 481 2342 und
511 2277 706 2354 vorfechter,
737 2297 846 2340 wenna
868 2277 906 2339 ad
929 2273 1042 2338 verhbr
1065 2273 1186 2355 kompt,

8 2357 10 2494 l
47 2380 153 2464 gehent
176 2383 244 2447 also
267 2387 360 2446 onart
362 2382 395 2468 ig
419 2383 479 2446 mit
464 2382 555 2446 tder
578 2382 693 2447 sochen
710 2379 797 2457 umb,
820 2378 875 2443 das
891 2376 995 2443 auch
986 2400 1032 2442 ire
1048 2377 1186 2462 gesellen

8 2523 9 2526 =
8 2485 196 2552 schamrot
220 2482 354 2552 daruber
377 2488 510 2566 werden,
539 2488 604 2552 und
626 2487 732 2550 finden
756 2507 854 2550 ewere
876 2482 1105 2568 widerwertige
1127 2480 1189 2545 mit

8 2579 10 2640 i
48 2590 113 2656 aller
135 2592 328 2678 gogenwehr
358 2592 537 2658 dermassen
568 2593 731 2677 gerhstet,
766 2589 821 2656 das
851 2590 897 2654 sie
928 2589 979 2654 ein
1011 2591 1188 2652 entsctzens

48 2697 133 2762 darab
168 2697 282 2762 haben.
336 2696 409 2762 Wie
440 2697 595 2762 vermeint
604 2709 606 2716 ’
580 2695 679 2762 tihr
713 2695 798 2759 daun
832 2695 899 2758 auff
924 2694 1027 2758 einem
1059 2691 1187 2757 solchen

47 2821 168 2884 grossen
184 2801 326 2867 Concilio
349 2806 386 2868 zh
409 2801 583 2867 bestehen‘?
613 2787 720 2866 chir
743 2801 772 2864 ir
793 2799 867 2864 hein
890 2805 1015 2884 grbsser
1037 2797 1188 2864 miraohel

47 2906 128 2987 thim,
151 2907 217 2972 und
239 2907 313 2971 heiu
336 2909 451 2973 andere
474 2909 568 2973 reden
590 2901 699 2971 herfiir
721 2905 859 2990 bringen
881 2905 1028 2982 wollent,
1049 2904 1134 2968 daun
1157 2902 1186 2966 ir

47 3013 119 3076 noch
141 3013 255 3078 billher
278 3013 397 3098 gethon
419 3014 555 3090 habent,
578 3012 688 3077 wirdts
709 3009 859 3075 freilich¹
884 3009 1012 3074 seltaam
1036 3007 1186 3093 ahgehcn.

48 3114 115 3180 blan
138 3121 291 3202 gestattet
313 3119 392 3183 euch
407 3119 456 3183 nit
472 3120 561 3182 mehr
577 3117 708 3182 Richter
724 3119 761 3181 nd
777 3116 855 3194 sein,
879 3114 929 3178 die
951 3113 1013 3178 neit
1035 3113 1078 3176 ist
1101 3111 1187 3188 umb,

48 3222 152 3286 condar
175 3245 250 3288 man
273 3223 404 3308 beklagt
426 3223 505 3288 euch
528 3227 599 3288 adm
630 3221 802 3299 hbchsten,
831 3220 896 3284 und
920 3218 1001 3283 willa
1023 3217 1187 3282 beweiseu.

48 3325 167 3392 Habent
189 3328 343 3393 demnach
365 3333 403 3394 ml
427 3329 598 3407 orechten,
632 3327 691 3392 wie
719 3349 752 3391 es
782 3325 861 3390 euch
882 3325 921 3387 zo
943 3322 1064 3408 cwigen
1087 3321 1189 3386 seiten

48 3441 177 3514 grossen'
194 3432 334 3498 nachteil
357 3455 493 3517 gepcren
516 3433 626 3511 wirdt,
649 3433 707 3496 iun
731 3431 852 3495 soloher
876 3429 1036 3514 gemeiner
1058 3449 1188 3513 grossen

49 3537 263 3623 versamlung,
296 3538 445 3604 dffenlich
475 3539 527 3603 ein
550 3538 655 3602 solche
677 3537 797 3601 schand
820 3535 1025 3618 einzdlegen,
1061 3530 1188 3612 ‘Deum

49 3640 85 3703 ob
109 3642 134 3705 ir
155 3643 261 3728 gleich
277 3643 338 3707 alle
355 3644 501 3726 Register
524 3649 629 3729 sampt
652 3665 754 3708 ewren
778 3640 966 3727 privilegien
990 3638 1089 3723 (scien
1113 3661 1187 3716 war,

49 3745 117 3810 oder
137 3770 198 3812 von
223 3748 301 3812 euch
324 3749 407 3812 selhs
439 3749 575 3834 erdicht)
609 3748 739 3812 brieffen
771 3747 837 3810 und
869 3745 990 3831 sigeln,
1027 3743 1107 3808 auch
1141 3744 1190 3808 die

49 3849 120 3914 aller
141 3852 405 3937 durchsichtigste
428 3853 619 3919 Canonisten
644 3853 708 3916 und
726 3851 917 3936 Theologen,
942 3850 991 3914 die
1013 3848 1096 3912 noch
1120 3869 1189 3911 ver-

51 3953 158 4040 borgen
183 3957 329 4035 stechen,
361 3957 422 4021 mit
443 3957 520 4022 euch
544 3957 673 4043 bringt,
704 3979 737 4022 so
759 3957 869 4020 wirdts
892 3955 971 4019 doch
994 3976 1027 4018 so
1049 3953 1191 4019 schleoht

50 4060 98 4123 nit
116 4063 263 4148 zhgehen,
287 4062 316 4126 ir
339 4063 438 4126 werdt
460 4062 574 4127 etliohe
598 4063 674 4147 ding
697 4063 762 4127 und
784 4060 937 4138 Artickel,
962 4061 1011 4126 die
1034 4081 1100 4124 nun
1123 4057 1189 4122 clar

50 4186 99 4228 am
126 4171 198 4254 tag,
233 4168 299 4232 und
333 4166 724 4250 onwider[73]spr'achlich
755 4166 847 4243 sind,
882 4163 1041 4227 schanden
1073 4161 1190 4227 halben

118 4392 270 4448 mauu.
343 4393 484 4450 creusa
505 4392 549 4448 us
566 4397 592 4463 a

98 4493 214 4540 arur-nus
966 4475 982 4530 8
