2938 4988
621 347 682 442 ss⁸

23 523 27 626 l
85 522 136 605 ipsi
156 541 216 585 non
246 521 448 598 diffitemini,
481 519 556 604 quid
580 539 666 584 nnnc
687 519 775 584 illius
798 518 869 584 odio
892 517 1054 603 pontifex,
1084 517 1139 602 qui
1161 538 1216 583 vos

23 672 27 694 2
84 631 137 690 tam
160 627 351 711 gravitaret
374 625 497 690 adflixit
519 628 552 688 et
578 624 762 702 ludificavit,
788 625 1032 709 propugnatur?
1190 710 1193 720 1

154 730 266 806 Quodsi
296 731 460 797 ferendum
489 730 585 794 fuisse
615 730 735 814 putatis
758 729 950 808 Lutherum,
980 729 1072 794 modo
1095 729 1214 794 consti·

83 836 159 899 tisset
178 835 264 900 iutra
286 836 439 920 ejusmodi
455 836 604 900 vitiorum
620 835 905 920 reprehensionem,
931 857 1015 900 nunc
1030 857 1112 914 vero,
1141 834 1215 918 quia

83 941 190 1024 longius
225 942 268 1006 sit
304 947 473 1028 evagatus,
508 940 602 1006 aliam
625 962 692 1006 esse
715 941 871 1006 rationem
894 941 1098 1020 existimatis,
1131 940 1214 1006 nihil

23 1031 24 1068 ¹
82 1049 149 1114 cue
169 1051 306 1112 vestram
330 1047 389 1112 hoc
411 1051 539 1112 excusat
561 1045 814 1125 cunctationem,
848 1053 903 1112 aut
925 1047 1128 1127 tarditatem,
1158 1047 1214 1131 qui

82 1173 116 1228 ea,
137 1173 269 1234 quorum
294 1152 348 1216 ille
371 1174 426 1216 vos
449 1151 624 1230 admonuit,
648 1174 778 1236 quaeque
800 1174 854 1218 vos
882 1158 965 1217 recte
987 1152 1152 1236 judicastis
1174 1151 1214 1216 ab

24 1279 25 1302 ³
82 1258 136 1340 ipso
162 1257 261 1324 fuisse
292 1257 467 1342 patefacta,
503 1279 567 1322 non
599 1257 790 1324 emendastis
822 1258 855 1320 in
886 1257 970 1322 hunc
999 1278 1098 1341 usque
1120 1257 1211 1325 diem.

80 1361 125 1426 Sed
156 1364 333 1458 largiamur
365 1364 425 1429 hoc
458 1363 563 1442 vobis,
601 1364 810 1449 longinquam
839 1363 928 1428 illam
962 1363 1214 1448 progressionem

24 1491 28 1530 32
80 1465 193 1532 botheri
215 1469 307 1533 vobis
331 1463 494 1553 displicere
517 1489 581 1533 non
604 1469 730 1552 injuria,
760 1468 922 1532 veniamus
949 1468 988 1532 ad
1009 1490 1076 1532 rem
1100 1468 1212 1552 ipsam,

79 1572 124 1636 hoc
142 1577 188 1637 est
211 1574 254 1637 ad
282 1595 337 1650 ea,
371 1595 440 1657 quae
462 1573 587 1657 publice
618 1578 649 1638 et
680 1575 761 1638 serio
788 1573 927 1658 petiistis
950 1596 969 1638 a
991 1573 1141 1660 pontifice
1163 1573 1213 1638 vel

80 1679 203 1763 mitigari
226 1679 279 1744 vel
303 1680 433 1744 omniuo
457 1677 537 1744 tolli.
584 1678 684 1758 Certe,
709 1679 791 1762 quod
814 1701 910 1762 snpra
933 1679 1080 1756 diximus,
1103 1699 1212 1742 verum

80 1787 131 1861 est,
153 1784 208 1848 illa
232 1785 343 1848 omnia
365 1788 431 1849 tam
454 1807 521 1850 esse
544 1788 653 1864 taetra,
690 1785 810 1861 fastus,
835 1785 1035 1862 ambitionis,
1060 1783 1211 1861 avaritiae,

80 1889 250 1968 petulantiae
278 1893 311 1952 et
344 1891 528 1973 rapacitatis
558 1891 668 1974 plena,
701 1892 738 1953 ut
768 1911 787 1954 a
817 1890 942 1952 nemine
972 1889 1136 1973 potuerint
1162 1889 1213 1953 vel

24 2077 25 2080 Ἴ
78 1992 192 2076 cogitari
215 1995 321 2058 solum
344 1995 462 2078 absque
484 1996 614 2074 scelere,
632 1995 799 2060 -constitui
830 2015 903 2059 vero
926 1999 958 2058 et
980 1994 1124 2059 mandari
1146 2014 1212 2057 non

78 2099 222 2178 potuerint
247 2099 288 2164 ab
311 2099 386 2177 ullo,
403 2101 472 2164 nisi
494 2102 534 2166 ab
557 2101 613 2165 illo
636 2101 714 2185 ipso,
742 2121 835 2184 quem
857 2099 971 2165 Daniel
993 2122 1029 2164 ac
1044 2102 1118 2183 post
1141 2119 1212 2163 eum

78 2199 175 2268 Paulus
198 2206 469 2288 praenuntiarunt,
493 2207 662 2290 aliquando
686 2229 839 2272 summam
864 2206 1041 2290 intemplo
1064 2204 1211 2290 tyranni·
1317 2206 1319 2210 ’
1367 2203 1369 2208 ’

77 2306 132 2370 dem
159 2314 397 2393 occupaturum.
444 2310 517 2375 Nisi
550 2312 634 2376 anim
668 2323 792 2380 omnem
828 2333 933 2376 veram
963 2311 1150 2396 religionem
1180 2313 1212 2374 et

24 2391 25 2419 ¹
76 2434 168 2508 puram
200 2415 381 2480 doctrinam
412 2416 602 2481 extinxisset
634 2421 747 2494 autea,
780 2439 844 2482 non
873 2416 996 2502 tulisset
1028 2437 1121 2480 ausus
1144 2419 1211 2480 tam

23 2605 24 2608 Ἴ
76 2520 240 2597 execranda,
266 2524 397 2604 tamque
419 2521 585 2586 manifeste
610 2544 672 2586 non
696 2523 795 2607 impia
818 2523 921 2600 modo,
936 2522 999 2588 sed
1023 2525 1055 2585 et
1078 2519 1213 2584 ridicula

75 2642 233 2707 proponere
268 2646 305 2689 ac
340 2628 498 2692 mandare.
552 2627 727 2692 Fuscinatis
761 2632 866 2692 autam
899 2626 1014 2691 animis
1048 2629 1080 2690 et
1112 2625 1212 2708 impia

23 2749 24 2758 ¹
76 2724 202 2794 doctrina
226 2731 378 2808 imbutis,
410 2753 475 2795 uon
498 2735 567 2795 erat
589 2731 735 2810 difficile,
768 2732 893 2814 quidvis
916 2735 948 2796 et
969 2730 1155 2815 persuadere
1177 2732 1210 2794 et

75 2829 221 2914 imperare.
270 2833 433 2899 Nimirum
467 2835 501 2899 bi
533 2840 608 2899 sunt
638 2837 758 2901 fructus
794 2836 880 2900 illius
911 2835 1079 2915 doctrinae,
1115 2851 1236 2919 quam'

74 2941 168 3002 contra
197 2944 394 3024 praeceptum
418 2940 494 3020 Dei,
530 2946 666 3024 quaestus
697 2943 802 3027 gratia
833 2963 959 3025 suaequc
985 2939 1151 3024 dignitatis
1178 2943 1211 3004 et

74 3037 186 3112 honoris
221 3046 438 3110 constituendi
471 3067 565 3110 eausa
600 3046 728 3111 invexit.
786 3048 862 3125 Qnae
894 3047 1022 3130 quidem
1056 3044 1208 3125 doctrina,

74 3145 124 3208 uisi
154 3148 270 3214 fuisset
301 3151 490 3237 impugnata
518 3153 682 3236 scripturae
712 3153 904 3216 testimoniis
942 3156 975 3216 et
1012 3150 1210 3230 auctoritate,

74 3269 217 3336 quousque
247 3256 377 3319 tandem
404 3257 525 3340 putatis
549 3279 620 3322 eum
643 3257 740 3322 fuisse
761 3258 1027 3343 progressurum?
1072 3255 1217 3331 Insatia-‚

21 3387 22 3392 κ
73 3352 123 3420 bila
144 3360 296 3441 quiddam
320 3364 368 3424 est
391 3362 534 3440 avaritia,
558 3384 660 3445 neque
683 3363 744 3427 sibi
766 3363 872 3428 frenos
894 3362 983 3446 injici
1005 3363 1127 3446 patitur
1142 3383 1210 3426 arn·

21 3499 22 3504 1
73 3457 147 3540 bitin,
168 3465 347 3548 praesertim
370 3467 496 3549 quando
519 3489 583 3531 non
606 3469 693 3532 deest
715 3490 883 3532 successus.
931 3467 992 3544 Qui
1014 3467 1126 3531 fuisset
1147 3467 1209 3552 igi-

20 3589 22 3628 J
72 3566 115 3627 tur
140 3569 302 3634 immensae
336 3572 519 3655 cupiditatis
552 3577 583 3636 et
610 3573 797 3638 ambitionis
819 3574 947 3652 modus,
982 3574 1063 3638 idem
1086 3591 1215 3657 quoqne⁴

72 3665 183 3738 futurus
206 3678 276 3740 erat
297 3677 453 3741 terminus
477 3678 653 3761 imperandi
680 3684 712 3744 et
735 3701 816 3743 nova
847 3679 988 3763 quotidie
1013 3677 1208 3742 decernendi.

624 3799 642 3838 a

74 3874 143 3957 kuni,
166 3881 271 3948 haben
296 3882 355 3962 die,
380 3907 413 3950 so
435 3887 514 3951 dazu
539 3887 704 3952 verordnet
727 3909 842 3966 waren,
866 3888 933 3953 sich
956 3891 994 3952 nd
1010 3887 1119 3950 keiner
1134 3883 1209 3948 Dis-

73 3985 202 4059 putation
227 3989 342 4054 wdlleu
375 3991 543 4068 sohicken,
581 3994 644 4058 und
675 3998 786 4078 sagien
812 3993 891 4058 rond
914 3995 996 4068 auli,
1032 3988 1083 4054 Sia
1105 4009 1208 4053 weren

20 4153 21 4158 ,
72 4086 112 4150 nit
133 4090 184 4154 der
208 4093 372 4179 meinung,
395 4118 457 4160 von
480 4098 543 4161 irer
565 4098 639 4175 lere,
664 4121 726 4162 von
754 4098 838 4163 alten
856 4093 1089 4162 herbruchten¹
1113 4093 1207 4158 breu-

74 4189 140 4256 uhen
161 4197 225 4284 und
255 4200 481 4298 gewonheiten¹
507 4203 562 4266 der
589 4203 742 4281 kirchen,
778 4202 889 4288 epuigs
905 4202 973 4265 ¹fals
996 4204 1034 4265 ad
1057 4199 1204 4278 weichen,

132 4422 144 4473 1
161 4423 387 4493 surgebraehten.
