2902 4996
564 323 605 386 99

53 491 186 576 multisque
206 493 273 558 aliis
289 494 397 578 regnis
413 515 478 558 non
493 516 559 560 esre
575 497 701 560 tantum
718 499 774 561 eut
792 495 920 561 virtutis
935 501 992 561 aut
1007 496 1159 563 doetrinae

53 601 74 660 et
90 597 280 676 auctoritatis,
310 603 465 681 quantum
490 601 593 664 estin
617 600 731 686 exiguo
755 603 867 666 senatu
888 602 1026 687 triginta
1047 605 1096 669 vel
1119 605 1157 670 ad
1253 685 1256 692 ¹

52 723 173 766 cunnum
194 703 403 790 quadraginta
425 709 674 789 purpuratorum
697 709 849 791 patrum?
899 707 961 772 Pro
990 709 1157 795 impuden-

53 807 106 869 tiam
125 808 297 885 inauditam,
322 815 353 875 et
376 833 394 875 0
418 815 449 874 te
472 811 619 876 miseram
643 809 856 890 Germaniam,
882 835 952 896 quae
973 815 1053 880 tales
1075 820 1158 880 tem·

51 933 92 992 que
108 913 257 994 pestiferos
281 915 364 979 fetus
387 916 508 1000 gremio
532 921 588 981 tuo
612 917 698 982 foves
722 939 757 982 ac
780 917 912 996 educas,
947 919 1002 1002 qui
1032 924 1159 985 tuorum

51 1013 155 1080 hostium
176 1019 347 1084 utilitatem
371 1021 477 1104 potius
502 1043 596 1105 quum
620 1026 706 1086 tuam
732 1027 878 1107 spectant
900 1024 1035 1088 salutem
1057 1028 1089 1088 et
1108 1025 1159 1089 in-

50 1120 234 1186 columitatem.
288 1123 452 1208 Ejusmodi
484 1126 713 1190 sententiarum
747 1130 779 1190 et
814 1127 979 1192 verborum
1013 1131 1162 1212 portenta

49 1225 193 1290 scribuntur
214 1233 246 1293 et
270 1229 520 1313 pronuntiantur
544 1230 577 1294 in
593 1231 716 1308 restria,
741 1231 908 1319 clarissimi
931 1232 1001 1308 viri,
1026 1233 1159 1297 dicioni·

49 1329 93 1392 bus.
131 1332 204 1408 Quid
235 1335 274 1398 de
305 1335 394 1399 vobis
422 1335 578 1420 judicabit
613 1339 707 1418 atque
737 1336 852 1400 sentiet
882 1338 1050 1420 posteritas
1081 1337 1160 1420 ipsa,

48 1437 137 1499 hntam
168 1440 331 1504 sedeciam
367 1441 394 1504 si
428 1462 492 1505 non
527 1439 736 1505 coercebitis?
791 1439 912 1526 Negari
946 1463 1010 1506 non
1045 1444 1160 1525 potest,

21 1521 22 1528 ἵ
48 1546 176 1606 uersentur
197 1545 229 1608 in
253 1546 403 1610 manibus
427 1546 570 1610 omnium
592 1545 677 1623 libri,
701 1546 756 1628 qui
779 1545 841 1610 iste·
859 1547 1035 1624 continent,
1059 1568 1161 1630 neque

48 1643 129 1709 desunt
149 1671 183 1712 ex
206 1649 307 1730 vobis,
333 1652 388 1734 qui
411 1651 476 1715 suis
499 1652 533 1714 in
557 1650 856 1734 disceptationibus,
878 1655 915 1716 ut
936 1673 1019 1738 aegre
1041 1651 1162 1717 iaciant

51 1749 214 1833 adversariis,
239 1755 297 1820 illa
320 1757 453 1820 mirifice
475 1760 740 1834 commemorent,
770 1760 919 1839 repetunt
941 1761 974 1822 et
996 1760 1160 1836 exornent,

51 1857 108 1934 qnasi
128 1859 202 1924 talia
224 1861 309 1940 sint,
342 1883 411 1945 quae
441 1883 597 1926 summam
627 1865 743 1926 nostrae
764 1861 877 1926 salutis
900 1864 1161 1946 complectantur.

49 1955 80 2020 ln
97 1964 205 2043 putetis
229 1966 403 2048 majoribus
426 1967 549 2045 vestris,
573 1968 628 2050 qui
651 1966 777 2031 fortiter
800 1989 882 2050 saepe
904 1967 1092 2032 restiterunt
1107 1989 1162 2030 su·

48 2065 133 2143 parbiae
152 2071 356 2153 pontificum,
386 2077 418 2137 et
440 2073 663 2156 imperatores,
686 2075 723 2135 ut
746 2072 828 2135 idem
850 2071 1010 2149 facerent,
1042 2071 1163 2136 hortati
1267 2133 1282 2162 ,

46 2175 103 2248 sunt,
123 2172 199 2237 sicut
221 2177 383 2242 memoriae
407 2177 565 2261 proditum
589 2180 645 2254 est,
668 2198 808 2260 unquam
824 2177 857 2240 in
874 2181 1013 2241 mentem
1029 2177 1161 2255 venisse,

21 2343 23 2346 .
46 2275 69 2332 lt
91 2277 280 2360 cogitarent,
314 2280 459 2346 futurum
488 2283 658 2365 aliquando
681 2285 807 2366 tempus
830 2282 906 2346 edeo
929 2282 1162 2348 tenebricosum

21 2361 65 2438 let
80 2376 196 2461 infelix,
232 2388 271 2449 ut
301 2386 453 2470 ejusmodi
476 2405 566 2450 voees
589 2385 811 2479 emitterentur
834 2390 890 2450 eut
916 2409 934 2450 a
956 2385 1090 2469 posteris
1113 2405 1163 2448 re-

45 2479 212 2562 riperentur?

21 2615 22 2618 ¹
104 2588 214 2676 Siqua
237 2596 272 2658 in
297 2595 461 2680 republica
479 2597 599 2678 judices
622 2597 828 2680 praesiderent
851 2596 994 2660 homines
1012 2594 1162 2673 famelici,

44 2695 105 2756 areni
130 2702 158 2761 et
186 2700 331 2780 indocti,
363 2701 417 2784 qui
448 2702 551 2785 pretio
573 2701 728 2784 redempti
752 2699 886 2787 quidlvis
910 2700 1073 2779 facerent,
1109 2700 1164 2783 qui

43 2804 143 2880 propter
164 2805 246 2870 mele
270 2809 303 2869 et
326 2806 433 2889 inique
456 2806 712 2870 administratum
739 2805 791 2887 jus
822 2826 948 2888 poenam
970 2810 1076 2869 essent
1098 2827 1164 2870 me-

43 2899 80 2963 riti
98 2904 212 2992 legibus
235 2911 439 2994 praefinitam,
463 2916 496 2976 et
517 2911 647 2975 omnino
670 2910 759 2989 helec,
783 2911 821 2974 de
844 2909 958 2992 quibus
979 2909 1165 2994 gravissime

581 3031 599 3070 e

42 3108 76 3174 ein
94 3117 178 3197 yedes
203 3119 391 3205 besonder†
422 3121 472 3184 nit
507 3120 607 3186 sollen
638 3141 673 3183 so
704 3119 748 3184 vil
771 3116 888 3182 erbar¹
911 3117 976 3182 und
999 3115 1163 3201 geschich-

41 3211 124 3282 licheit
144 3223 267 3303 haben,
300 3224 347 3289 els
371 3225 423 3288 ein
447 3225 677 3289 Consistorium
701 3245 762 3288 von
785 3245 858 3287 xxx.
882 3223 957 3286 oder
980 3221 1069 3285 mehr
1093 3243 1164 3305 per-

40 3328 137 3389 conen?

105 3429 190 3496 Wolt
219 3455 300 3518 gean
332 3434 463 3511 wissen,
498 3455 590 3496 urenn
622 3454 730 3518 grosse
760 3432 949 3497 onleidliehe
984 3430 1166 3496 millbreuch

40 3531 86 3594 und
105 3537 278 3619 gebrechen
303 3537 369 3601 sich
393 3537 610 3608 ellcnthelben
643 3537 676 3600 in
707 3537 768 3600 den
795 3535 973 3600 weltlichen
996 3535 1166 3600 Prooeseen

43 3636 90 3699 und
103 3639 394 3727 rechtfertigungen
412 3641 575 3720 erhielten,
592 3641 632 3706 ob
648 3663 722 3706 men
738 3641 841 3704 einem
853 3641 974 3717 Oamer,
999 3640 1071 3722 [64]
1094 3640 1169 3703 oder

39 3740 142 3808 anderrn
166 3745 315 3825 Gerioht,
340 3748 380 3811 da
402 3769 475 3810 men
499 3747 682 3832 eygentlich
706 3747 809 3822 wiiss’o,
839 3747 893 3808 dac
917 3746 966 3808 nit
989 3745 1085 3808 ellein
1107 3765 1165 3807 on-

39 3842 149 3929 gelerte,
180 3852 296 3915 sunder
326 3851 406 3916 auch
437 3851 616 3936 hungerige
642 3850 707 3914 und
735 3850 871 3935 geitzige
894 3849 1025 3914 Richter
1049 3853 1166 3926 wiren,

39 3945 76 4010 die
94 3953 163 4019 alles
185 3955 264 4020 umb
287 3957 369 4040 gelts
392 3955 499 4020 uuillen
521 3955 652 4032 thdten,
685 3954 735 4019 die
766 3976 827 4018 von
851 3975 959 4038 wegen
983 3953 1045 4016 irer
1067 3973 1165 4036 onge-

40 4045 179 4124 bdrliohen
203 4061 426 4146 handlungen,
459 4059 618 4124 verdienet
640 4058 752 4123 hiitten
777 4057 913 4143 gestreft
934 4062 973 4122 nir
995 4057 1081 4136 sein,
1117 4056 1167 4120 die

38 4153 186 4252 besserung
216 4167 286 4230 und
315 4164 544 4249 Reformirung
577 4164 730 4248 gemelter
763 4163 840 4246 ding
873 4161 1070 4246 heymgeben
1101 4161 1165 4224 und

587 4307 603 4340 *

96 4387 107 4438 l
125 4388 285 4458 erberkeyt.
917 4473 961 4534 7*
