2902 4996
802 313 861 375 168

254 487 336 571 quod
360 487 393 549 in
410 483 542 550 Austris
563 507 665 568 nuper
688 483 834 568 contigit.
871 481 941 560 Quo
956 482 1083 566 quidem
1106 483 1139 548 in
1162 484 1291 569 regione
1312 481 1391 548 vslde

253 593 397 656 saevitum
420 595 468 656 est
489 592 640 655 hactenus
663 589 696 654 in
719 589 863 653 homines
887 587 1043 673 evangelii
1060 589 1198 672 cupidos,
1222 586 1391 652 auctoribus

253 697 404 761 nimirum
428 695 509 772 illis,
539 695 593 778 qui
616 694 782 759 veritatem
805 695 887 758 ferre
910 715 973 758 non
998 699 1139 778 possunt.
1184 694 1226 758 Et
1249 692 1308 757 hac
1328 697 1390 756 tun·

253 802 322 866 dem
346 801 516 885 asperitate
538 800 686 864 commoti
710 821 852 884 proceres
875 800 1031 864 nobilium
1054 804 1086 864 et
1110 799 1293 878 civitatum,
1327 819 1390 881 sup·
1440 802 1441 872 l

252 907 349 990 plices
373 907 521 971 obtestati
546 909 621 969 sunt
644 906 820 990 principem
844 927 952 983 suum,
986 904 1118 969 fratrem
1149 908 1260 983 tuum,
1290 903 1390 980 000οτ,
1440 893 1441 950 3

254 1014 290 1074 ut
314 1033 332 1074 a
354 1010 517 1096 suppliciis
540 1010 768 1088 abstineretur,
804 1016 837 1075 et
858 1010 1015 1095 evangelii
1040 1011 1221 1094 praedicatio
1244 1011 1342 1074 locum
1364 1007 1390 1070 in
1440 1035 1441 1090 p

254 1116 392 1180 ecclesiis
415 1117 583 1181 obtineret.
1440 1095 1441 1108 ἵ

255 1221 317 1298 Qui
340 1221 471 1284 somniis
495 1226 526 1285 et
548 1221 610 1304 piis
634 1221 778 1304 precibus
801 1221 861 1285 hoc
883 1220 1094 1300 obtestantur,
1118 1225 1194 1286 sunt
1218 1243 1317 1304 neque
1341 1241 1390 1282 nu·
1440 1229 1441 1280 l

253 1335 340 1390 mero
364 1327 465 1410 pauci,
489 1349 546 1391 nec
569 1326 751 1391 condicione
766 1328 887 1404 tenues,
910 1330 947 1390 ut
962 1327 1123 1391 contemni
1138 1326 1273 1410 possint,
1297 1345 1390 1389 verum

254 1432 353 1508 tales,
388 1432 442 1514 qui
472 1430 572 1494 modis
602 1431 748 1496 omnibus
779 1431 911 1515 cupiunt
934 1431 1110 1516 gratificari
1133 1435 1165 1496 et
1189 1432 1390 1512 obtemperare
1440 1423 1441 1504 l

255 1557 321 1612 suo,
339 1557 432 1620 quem
448 1535 601 1600 divinitus
617 1547 813 1623 acceperunt,
837 1535 984 1621 principi.
1017 1535 1049 1601 Si
1065 1550 1138 1601 vero
1153 1557 1217 1599 non
1234 1535 1391 1618 impetrent

256 1643 435 1726 aliquando¹
460 1642 543 1726 quod
566 1647 657 1708 tanto
680 1641 786 1708 studio
809 1647 923 1727 petunt
946 1647 977 1707 et
1000 1645 1133 1727 optant,
1157 1663 1255 1725 eaque
1278 1640 1390 1704 tandem
1440 1633 1441 1678 ἕ

256 1748 418 1812 occasione
441 1747 576 1812 fortasse
598 1754 703 1814 motus
726 1752 758 1814 et
779 1748 882 1813 turbae
905 1753 1084 1826 nascantur,
1109 1747 1224 1831 quibus
1242 1747 1390 1830 imputas·
1440 1797 1441 1814 ,

257 1851 331 1914 dum
354 1852 396 1916 sit
418 1852 495 1915 illud
520 1853 738 1935 potiusquam
764 1853 822 1930 iis,
857 1853 911 1935 qui
942 1853 1119 1936 principem
1149 1851 1332 1926 hortantur,
1359 1869 1392 1911 ne
1440 1879 1441 1918 i

258 1956 333 2038 quid
357 1957 394 2021 de
418 1958 584 2022 severitate
607 1959 750 2022 remittat
773 1961 805 2021 et
821 1961 857 2021 ut
873 1961 1056 2022 constanter
1070 1959 1209 2042 pergat?
1241 1955 1283 2020 Hi
1299 1959 1392 2018 tomen
1440 1986 1441 2022 1

256 2060 317 2144 ipsi
341 2061 532 2127 consultores
556 2063 701 2148 pessimi,
731 2063 823 2140 ced0,
848 2063 976 2146 quinam
1001 2064 1100 2128 sunt?
1144 2059 1291 2126 Profecto
1313 2059 1392 2144 pauci
1440 2095 1441 2129 ᾗ

823 2185 840 2222 *ί

257 2269 315 2333 wir
344 2271 413 2334 eine
443 2271 526 2335 clare
554 2271 693 2338 hlibsche
719 2273 898 2359 anzeigung
922 2272 1009 2338 diser
1027 2273 1088 2337 neit
1111 2272 1215 2338 haben
1240 2273 1274 2336 in
1297 2270 1393 2335 Romi·
1440 2303 1441 2342 1

256 2375 346 2439 soher
369 2375 427 2440 Κὸ.
450 2376 493 2440 Μ.
518 2375 709 2456 Erblanden‚
733 2379 766 2441 in
790 2378 928 2442 welchen
952 2399 1061 2463 grosse
1082 2377 1175 2442 horte
1197 2377 1392 2460 straffungen
1440 2393 1441 2446 ξ

257 2502 358 2565 gegen
383 2481 447 2558 die,
471 2503 506 2546 so
529 2483 662 2567 gemelle
686 2484 750 2547 lere
773 2505 970 2568 angenomen
996 2483 1115 2561 haben,
1140 2504 1299 2566 ergangen
1322 2480 1392 2556 sind,

257 2587 322 2650 und
345 2586 392 2650 dis
415 2585 491 2650 alles
514 2585 612 2652 durch
637 2589 793 2673 eingeben
815 2589 880 2652 und
903 2588 1091 2652 orcnblasen
1115 2588 1256 2665 etlicher‚
1281 2587 1337 2650 den
1352 2585 1393 2648 die
1440 2621 1441 2656 3

257 2690 391 2755 warheit
413 2693 586 2756 unleidlich
608 2692 669 2768 ist,
702 2693 762 2755 wie
793 2687 924 2777 luindig.
971 2691 1044 2756 Unrl
1077 2692 1120 2756 ist
1151 2679 1277 2755 entilich
1309 2688 1393 2753 dahin
1440 2725 1441 2730 κ

256 2795 381 2872 hornen,
405 2795 459 2860 dos
483 2797 533 2862 die
557 2795 656 2860 Sttind
681 2798 833 2880 gemelter
856 2797 1008 2875 Erbland,
1033 2797 1102 2860 eine
1125 2796 1264 2880 dapffere
1284 2795 1393 2860 Christ·
1440 2833 1441 2850 1

257 2900 339 2965 liche
362 2899 590 2985 Supplication‚
614 2925 654 2967 an
675 2901 732 2968 Kc.
750 2902 793 2966 M.
817 2902 938 2987 gethon
959 2903 1073 2980 haben,
1097 2902 1178 2967 dises
1201 2902 1330 2978 inhalts‚
1351 2899 1391 2962 die

258 3005 364 3069 rechte
387 3006 451 3070 lore
474 3029 687 3084 anzunemen‚
723 3009 788 3072 und
819 3008 870 3072 die
901 3007 1131 3091 verfolgungen
1164 3007 1218 3070 des
1242 3003 1394 3071 Gotliehen
1440 3043 1441 3050 κ

259 3115 354 3175 worts
367 3112 579 3177 'abzustellem
601 3110 606 3201 Ι

348 3216 419 3300 [22]
435 3215 495 3280 Die
517 3239 561 3280 nu
577 3217 624 3281 dis
634 3239 680 3283 ,un
694 3215 753 3281 Kc.
767 3216 810 3280 Μ.
828 3216 974 3301 begemn,
999 3215 1072 3279 sind
1083 3217 1117 3299 ja
1132 3216 1181 3279 nit
1205 3215 1239 3279 in
1262 3215 1394 3300 geringcr
1440 3275 1441 3285 ἶ

260 3321 365 3398 annal,
389 3319 461 3384 sind
484 3321 563 3385 such
586 3321 691 3386 solche
712 3343 885 3404 personen‚
909 3319 959 3384 die
982 3319 1084 3384 seiner
1107 3319 1150 3383 M.
1174 3319 1236 3382 mit
1258 3317 1322 3383 leib
1341 3313 1393 3379 und

259 3427 319 3508 gut
341 3428 379 3488 nt
402 3425 525 3504 dienen,
549 3427 667 3512 willig,
692 3426 872 3511 geschiclret
895 3426 959 3489 und
983 3424 1129 3510 schuldig
1152 3424 1233 3488 sind.
1281 3422 1339 3485 Wo
1359 3419 1394 3482 sie
1440 3457 1441 3494 3

260 3552 304 3592 nu
326 3529 408 3593 diser
431 3532 494 3595 irer
516 3532 650 3616 begeren
675 3530 903 3596 zrlruckstehen
925 3524 1069 3606 misten,
1101 3529 1165 3592 und
1197 3528 1252 3592 das
1274 3521 1392 3590 dariber

259 3633 497 3720 vervolgungen
521 3636 708 3720 geschehen‚
733 3636 791 3699 wie
814 3635 930 3712 bisher,
954 3632 1019 3698 und
1042 3633 1212 3698 derhalben
1230 3635 1281 3696 ein
1297 3627 1392 3695 unwill
1440 3675 1441 3678 η

260 3741 354 3804 deren
378 3739 477 3805 Stsnd
500 3742 563 3805 und
588 3742 641 3804 des
657 3741 773 3818 volcks‚
798 3761 900 3825 gegen
925 3740 992 3803 iren
1016 3739 1129 3802 herren
1152 3732 1305 3814 ermricus
1327 3753 1391 3798 wem
1440 3781 1441 3784 η

259 3845 314 3909 het
336 3867 410 3908 man
435 3845 543 3908 dessen
568 3845 678 3909 schuld
701 3849 739 3908 zri
762 3844 873 3930 geben,
897 3844 1020 3920 andem,
1045 3843 1128 3906 daun
1151 3843 1334 3925 denjhenem
1354 3836 1392 3900 dic
1440 3879 1441 3884 κ

261 3949 320 4016 Kc.
336 3950 379 4014 Μ.
397 3949 519 4026 rothen,
542 3951 629 4014 steiff
641 3954 679 4015 mi
695 3949 814 4027 holten,
837 3949 901 4012 und
918 3948 1008 4012 nichs
1024 3946 1269 4013 nschztlcssen?
1293 3941 1392 4010 welche
1440 4013 1441 4016 Ἴ

261 4057 341 4121 doch
363 4056 397 4118 in
420 4055 570 4140 geringer
591 4055 681 4118 annal
705 4055 785 4133 sind,
809 4055 875 4118 und
898 4055 964 4117 dise
986 4054 1050 4117 lere
1072 4052 1123 4116 nit
1145 4058 1260 4138 miigen
1284 4049 1389 4120 dulden,

261 4161 358 4224 vorab
381 4158 473 4224 dweil
495 4161 540 4224 sie
563 4158 656 4222 slzcit
678 4158 742 4221 und
766 4180 827 4222 von
852 4156 972 4242 anfang
995 4157 1132 4221 dawider
1152 4157 1303 4242 gestrebt‚
1328 4147 1390 4217 such
1440 4205 1441 4208 ,

262 4266 315 4330 des
340 4264 517 4348 vilfeltigen
540 4264 698 4328 brennens
722 4263 934 4327 enthuubtens
957 4262 1023 4325 und
1039 4261 1248 4326 erdrenckens
1263 4256 1390 4324 ursachcr

261 4369 342 4432 sind.
388 4367 439 4434 sie
460 4368 579 4433 habens
603 4363 805 4449 ribermacht,
840 4367 904 4432 und
928 4367 1011 4432 allen
1041 4367 1220 4433 mrltwillen
1253 4363 1388 4454 getriben,
1440 4373 1441 4431 j
