2902 4996
596 349 654 412 121

70 524 137 607 apud
158 523 361 588 Tridentinos
386 522 518 600 indixit,
542 522 647 606 cujus,
680 543 773 606 quem
796 521 930 607 ipsemet
952 521 1096 588 futurum
1118 545 1199 607 prae·

71 630 172 694 viderat
193 633 224 693 et
246 630 393 714 optabat,
418 628 444 692 is
467 628 531 692 fuit
553 628 665 694 exitus.
713 627 882 711 Quousque
905 627 1031 694 tandem
1056 629 1198 694 ludifica-

13 697 15 818 i
69 733 130 797 bitis
150 733 256 798 orbem
279 737 435 798 terrerum
466 735 498 797 et
526 733 559 796 in
589 732 701 816 primis
732 732 833 816 ipsam
856 732 1085 799 Germaniam?
1117 732 1200 798 ussi

13 851 15 940 p
70 859 120 922 pre
140 839 247 903 ceteris
271 839 420 923 gentibus
437 837 559 923 ingenii
575 838 698 903 laudem
713 838 802 903 vobis
826 839 982 922 arrogetis
1004 843 1037 904 et
1057 860 1198 918 acumen,

13 941 17 1008 t
69 943 278 1028 intelliguntur
310 947 416 1008 temen
446 943 633 1008 eberberis
657 942 823 1008 Germanis
846 948 958 1008 vestrm
987 943 1129 1023 technae,
1164 965 1200 1010 cc

68 1049 103 1112 its
122 1051 243 1132 quidem
258 1072 386 1134 prorsus
403 1049 639 1136 intelliguntur,
663 1053 708 1127 ut,
725 1050 849 1133 quoties
864 1049 990 1114 concilii
1005 1049 1200 1114 mentionem

14 1135 15 1182 ³
68 1155 217 1239 spargitis,
252 1155 422 1219 ludibrium
454 1175 521 1218 esse
541 1159 657 1238 putent
679 1175 807 1232 omnes,
840 1155 887 1218 vel
912 1153 1061 1220 mediocri
1080 1154 1199 1237 judicio

13 1295 15 1318 f
67 1261 188 1342 prediti,
222 1261 267 1324 sie
290 1260 375 1326 enim
395 1261 460 1342 jum
483 1264 688 1324 assueverunt
711 1259 824 1324 vestris
847 1260 978 1324 artibus.
1025 1257 1106 1335 Quia
1135 1280 1200 1324 non

14 1387 15 1426 ι
68 1366 185 1429 nultum
209 1387 264 1430 vos
288 1389 307 1430 a
328 1365 503 1449 praecipitio
526 1365 643 1430 distare
665 1365 787 1441 videtis,
812 1366 881 1430 ideo
904 1364 1145 1450 circumspicitis
1168 1367 1201 1428 et

14 1479 16 1532 5
66 1468 248 1556 investigatis
272 1453 467 1554 quaecunque
489 1471 622 1554 potestis
645 1470 839 1536 diverticula.

66 1574 114 1638 Cur
134 1580 239 1640 autem
263 1575 478 1640 criminamini
501 1580 621 1640 vestros
645 1577 856 1654 adversarios,
893 1576 983 1659 quasi
1009 1576 1111 1641 multo
1134 1575 1201 1640 sint

14 1737 15 1740 ,
66 1680 246 1744 nocentiores
281 1680 350 1744 orbi
383 1678 563 1744 Christiano
598 1703 691 1765 quum
728 1681 790 1764 ipsi
820 1681 953 1746 Tureae?
997 1677 1084 1746 Num
1120 1679 1199 1759 ideo,

14 1843 15 1846 ,
65 1785 198 1865 quoniam
223 1785 341 1868 optatis
364 1788 438 1849 ante
454 1785 619 1849 Turcicam
640 1786 870 1869 expeditionem
894 1785 966 1850 illos
989 1785 1126 1870 opprimi
1150 1788 1199 1850 to·

13 1913 15 1952 :
65 1892 153 1953 toset
139 1891 274 1956 tdeleri
298 1891 404 1954 fundit
390 1893 467 1956 tus?
452 1889 675 1956 tNimirum
705 1913 741 1956 eo
768 1891 908 1974 pertinet
894 1891 1098 1956 tconsilium
1120 1890 1200 1954 illud

14 2035 15 2042 ,
14 1998 209 2076 vestrum,
245 1997 333 2080 cujus
364 2003 457 2060 antea
485 1997 709 2075 meminimus,
744 2001 780 2061 ut
803 1997 904 2061 foedus
927 1997 1125 2061 adversum
1116 2017 1200 2080 ipsos

13 2075 15 2152 t
64 2099 163 2165 initum
186 2105 371 2186 augeatur.
383 2101 533 2166 Verum'
525 2102 587 2186 ipsi
610 2103 686 2167 adeo
709 2125 773 2167 non
797 2101 1006 2168 reformident
1028 2103 1140 2181 lucem,
1163 2106 1200 2167 ut

13 2153 15 2292 i
64 2205 129 2269 nihil
151 2209 256 2291 magis
279 2209 429 2290 cupiant,
462 2229 556 2290 quein
587 2209 691 2291 palem
719 2208 809 2286 fieri,
844 2229 940 2272 vosne
972 2231 1011 2272 au
1045 2208 1105 2291 ipsi
1128 2208 1200 2291 plus

13 2293 15 2304 ’
62 2317 183 2376 noceant
205 2312 396 2396 reipublicae.
450 2311 522 2376 Jam
546 2312 622 2376 olim
647 2313 684 2394 ad
708 2313 769 2378 hoo
791 2317 857 2377 cert
859 2335 950 2377 emen
973 2336 1027 2379 vos
1049 2313 1200 2392 invitent,

63 2419 88 2478 et
107 2417 239 2501 cupiunt
261 2416 437 2501 periculum
460 2416 580 2495 fucere,
604 2418 656 2482 sed
681 2438 746 2495 vos,
770 2418 844 2482 dum
869 2418 907 2482 nd
930 2418 1093 2501 publicum
1115 2419 1201 2484 orbis

13 2513 15 2584 t
64 2523 217 2588 comitium
246 2545 311 2587 rem
341 2543 466 2586 omnem
498 2522 649 2605 rejicitis,
683 2523 764 2588 mele
785 2523 874 2588 vobis
906 2522 1069 2588 consultis.
1115 2522 1201 2588 Nam

621 2659 637 2697 ¹t=

13 2761 14 2834 ᾗ
62 2763 172 2830 L'issue
195 2767 232 2830 de
256 2788 290 2830 ee
307 2765 434 2831 Concile
456 2767 507 2830 fut
530 2767 604 2831 telle
629 2768 704 2851 qu'il
729 2766 829 2832 savoit
845 2759 1050 2852 aupar'cvent,
1074 2773 1107 2833 et
1122 2769 1201 2854 qu’il

13 2897 15 2900 ·
63 2873 136 2936 auoit
158 2894 301 2957 preveue.

616 3013 634 3052 ’t‘

13 3203 14 3208 γ
62 3113 189 3181 Concilio
213 3139 251 3181 en
276 3116 405 3182 Trente
451 3116 491 3180 El
522 3118 640 3202 quclt
641 3140 702 3183 uvc
733 3120 765 3183 la
786 3119 830 3182 fin
854 3142 915 3204 que
936 3120 964 3184 el
989 3142 1107 3184 mesmo
1129 3120 1199 3186 avie

62 3222 281 3301 pronostieedO,
304 3221 501 3306 ydesseava.
605 3299 606 3304 η

617 3361 635 3399 ’t‘

140 3467 294 3532 Warumb
317 3468 434 3552 gebent
456 3468 508 3531 ihr
523 3467 598 3532 aber
613 3465 676 3544 fiir,
701 3465 755 3530 dus
772 3488 870 3532 ewere
885 3467 1123 3555 widerwertige‚
1146 3470 1202 3536 der

62 3572 267 3638 Christenheit
297 3572 494 3637 sch'stdticher
525 3573 634 3650 seind,
671 3572 755 3636 dann
785 3573 834 3637 die
866 3573 1036 3638 Tureken?
1070 3575 1128 3638 ists
1152 3575 1202 3640 nit
1235 3569 1239 3580 ’

62 3677 191 3756 derumb,
216 3679 271 3741 das
294 3677 322 3741 ir
345 3698 402 3740 vor
424 3677 493 3740 dem
518 3676 663 3740 Tiircken
687 3697 755 3760 nug,
781 3676 835 3740 das
858 3678 918 3740 end
941 3695 1027 3762 geru
1042 3680 1103 3742 mit
1124 3679 1199 3743 inen

62 3781 147 3846 sehen
167 3783 310 3860 wollent,
336 3781 455 3845 dieweil
478 3781 524 3846 sie
546 3781 622 3846 euch
647 3803 681 3846 so
704 3780 778 3846 hert
801 3782 955 3866 anligen‘?
981 3783 1036 3846 das
1057 3777 1201 3846 missent

62 3886 86 3948 ir
102 3887 131 3970 jc
151 3889 327 3964 bekennen,
351 3887 447 3951 vcrab
470 3908 504 3949 so
521 3887 598 3950 irin
615 3887 834 3972 obgemeltem,
858 3909 989 3952 ewerem
1005 3887 1198 3972 rathschlag,

63 3990 149 4055 neten
174 3992 322 4068 enderm,
347 3992 426 4055 auch
450 3995 593 4055 ermenet
615 3992 669 4054 das
692 3991 949 4076 gegenbindtniis
972 3994 1010 4055 111
1032 3991 1201 4055 stercken?

63 4091 136 4172 Nun,
159 4097 199 4160 ob
223 4097 277 4172 sie,
301 4097 375 4160 oder
397 4097 473 4160 aber
496 4096 541 4174 ir,
567 4097 619 4160 der
644 4096 859 4161 Christenheit
882 4095 1077 4161 sehtdlicher
1099 4095 1198 4174 seind,

63 4197 136 4262 daun
158 4201 212 4265 der
235 4197 360 4277 Tfirck,
392 4201 446 4265 das
468 4201 581 4287 wellen
604 4201 650 4264 sie
674 4206 808 4265 erentert
831 4202 951 4280 haben,
987 4201 1052 4265 und
1074 4200 1201 4264 hettens

63 4322 129 4384 gem
150 4305 226 4391 lang
248 4303 422 4372 versichet.
469 4305 613 4370 Wollent
647 4307 698 4370 ihr
732 4306 805 4371 inen
838 4307 912 4370 eber
941 4306 982 4369 nil
1015 4306 1114 4391 geben
1147 4304 1200 4370 biss

63 4409 123 4472 11111
144 4410 294 4489 Concilio,
319 4432 352 4474 so
374 4411 472 4476 thunt
495 4411 546 4476 ihr
568 4411 665 4476 wider
687 4412 766 4477 euch
788 4411 889 4493 solbs,
920 4411 1007 4479 dann
1034 4413 1068 4479 in
1091 4409 1197 4479 mitten
