2902 4996
590 325 651 388 187

57 491 264 560 infestissimus
286 493 444 561 liudovico
468 493 598 574 Becare,
621 495 755 574 Curari,
788 495 915 564 loudoto
945 495 1100 582 principi,
1133 491 1198 582 qui·

25 629 27 636 v
56 603 166 664 secutus
187 603 236 666 est
258 599 433 666 Henricnm
462 601 651 686 septimum,
675 602 863 668 Benedictus
885 601 1085 668 duodecimus
1107 623 1189 686 poo-

6 759 7 786 p
56 704 131 782 tifex,
153 727 289 789 errorque
311 707 414 773 omnis
436 706 563 794 generis
585 707 835 774 execrationibus
858 707 1129 791 persequebatur,¹
1144 705 1189 772 its

56 809 177 892 quidem,
201 814 237 876 ut
259 810 446 890 Ludovicus‚
470 811 566 880 Italis
587 813 707 890 relicte,
731 833 803 878 curn
826 813 956 879 iusirlios
979 817 1011 876 ct
1033 831 1189 878 venenum

6 897 8 926 ¹
55 919 203 992 metueret,
227 938 370 982 reversus
385 917 418 982 in
435 915 657 1004 Germosnionu
681 923 854 984 conventus
876 921 985 1003 egeret
1008 915 1189 1000 principum

6 1003 8 1052 l
54 1020 192 1099 omnium,
217 1025 249 1086 et
271 1023 435 1088 doctorum
458 1022 632 1101 hominurn,
657 1023 867 1102 Francoiorti,
890 1021 1060 1106 inquibus
1075 1020 1189 1084 recite-

54 1124 97 1188 hot
118 1125 337 1190 intolerabiles
360 1126 568 1192 contumelias
592 1128 786 1212 injuriasque
804 1128 865 1193 sibi
881 1126 980 1192 fectus
996 1148 1015 1190 e
1029 1123 1188 1208 pontifice.

54 1227 199 1312 Repetens
222 1231 334 1306 deinde
357 1231 555 1316 superiorum
588 1235 765 1316 temporum
797 1232 966 1308 historias,
1000 1235 1032 1294 et
1060 1249 1190 1294 suorum

54 1334 206 1418 majorum,
231 1335 447 1402 Romanorum
470 1335 638 1414 (tresorum,
662 1357 792 1414 morem,
819 1337 921 1402 multo
942 1334 1130 1400 decernebat
1151 1353 1198 1398 οιΙ

54 1437 165 1522 imperii
190 1440 358 1526 dignitate,
382 1441 415 1506 in
438 1441 520 1508 hune
542 1441 748 1508 senteutiam:
780 1441 824 1506 Ut
846 1441 905 1508 soli
926 1433 1076 1506 electores
1099 1439 1189 1523 prin·

54 1541 125 1628 cipes
148 1543 285 1630 imperii,
308 1550 498 1630 potestatem
521 1552 555 1611 ct
571 1547 623 1631 jus
646 1547 785 1614 habeant
811 1547 936 1614 creandi
958 1546 1100 1612 uenere.
1144 1542 1207 1646 Ut

607 1669 624 1708 ss

7 1813 8 1836 p
56 1751 91 1816 Le
105 1750 189 1836 Pupc
204 1753 335 1820 Benoist
358 1756 517 1822 douzieme
539 1757 633 1822 estruit
655 1779 789 1842 crrriemy
809 1757 924 1822 'roortel
942 1757 979 1820 ‹le
994 1755 1190 1839 l'Empereur

7 1913 8 1950 3
53 1857 137 1923 louis
153 1861 191 1924 de
201 1859 358 1941 Bavieres,
375 1861 487 1928 Princo
501 1862 636 1940 loueble
653 1863 707 1946 qui
724 1863 810 1928 eruit
820 1862 948 1926 succede
959 1865 978 1926 u
989 1860 1098 1945 Heory
1108 1857 1188 1924 Vll:

55 1969 80 2027 el
99 1965 127 2030 le
148 1967 341 2052 persecutoit
362 1967 400 2048 de
422 1971 526 2032 toules
549 1954 656 2032 sortes
672 1967 1040 2044 d'excommuniootioos:
1071 1965 1099 2030 si
1128 1987 1193 2049 quo

54 2068 239 2154 l'llmpereur
261 2073 436 2158 ereigooot
452 2073 497 2136 les
520 2071 688 2138 emhuclies
710 2077 743 2137 et
764 2071 795 2136 lo
814 2071 935 2136 boucou
952 2069 1050 2136 loisso
1063 2069 1190 2149 Plintis,

54 2180 80 2238 el
100 2177 193 2240 retire
215 2177 308 2260 [123]
333 2199 371 2242 en
389 2177 563 2262 Alemegne
586 2177 650 2242 tint
673 2199 734 2240 une
752 2177 884 2260 jouroie
907 2179 926 2239 t
949 2174 1125 2252 l'roncfort
1148 2179 1191 2243 eir

54 2280 73 2342 il
92 2282 175 2346 evoit
197 2281 351 2346 essemble
373 2286 444 2346 tous
466 2282 512 2348 les
534 2280 663 2348 Priores
692 2286 723 2346 et
754 2281 800 2348 les
830 2303 908 2366 gens
930 2300 1052 2346 seruus.
1097 2279 1144 2344 Lo
1166 2279 1202 2346 il·

54 2386 141 2450 recita
163 2387 208 2452 les
232 2391 313 2452 torts
336 2391 369 2451 et
390 2392 538 2472 outrages
559 2387 762 2452 intolersbles
779 2390 799 2451 ir
815 2387 872 2470 luy
886 2385 961 2452 faits
977 2406 1035 2469 por
1050 2385 1079 2450 le
1094 2383 1189 2468 Pepe.

55 2489 121 2556 Puis
142 2493 323 2559 discouront
344 2493 391 2562 les
413 2493 561 2558 histoires
584 2494 626 2558 du
649 2496 753 2576 temps
783 2493 888 2576 passe,
920 2495 951 2556 et
974 2491 1005 2556 lo
1027 2493 1190 2557 ooustuncc

55 2595 153 2660 deses
175 2597 408 2680 predecessenrs
430 2597 618 2682 Empcreurs
640 2597 810 2675 Romaion,
833 2598 870 2662 fit
892 2596 1047 2681 plusieurs
1069 2595 1192 2662 decretu

56 2721 125 2781 pour
147 2700 314 2766 l'honneur
337 2702 374 2766 ‹lc
396 2701 563 2786 l'Empire:
586 2701 665 2768 dont
686 2701 719 2767 ln
739 2707 850 2768 teneur
873 2706 929 2780 est,
952 2701 1019 2777 Qus
1040 2701 1086 2766 les
1107 2697 1192 2764 souls

56 2804 205 2873 Electeurs
221 2806 352 2872 Prioccs
366 2807 404 2871 de
419 2808 571 2892 l‘Empire
586 2812 682 2892 eyent
701 2809 877 2915 puissencel
887 2811 920 2874 ot
941 2807 1026 2872 droit
1046 2806 1085 2871 dc
1107 2806 1192 2870 creor

609 2930 627 2970 e

57 3013 218 3083 Aborrecie
239 3040 298 3082 con
318 3020 389 3084 odio
412 3020 527 3084 mortol
550 3017 579 3082 el
602 3018 689 3102 Papo
711 3018 826 3083 Benito
854 3016 1036 3082 duodecimo
1062 3014 1094 3080 el
1116 3015 1192 3080 Em·

56 3121 177 3201 peredor
197 3120 356 3188 Ludovico
378 3124 512 3202 Besaro,
536 3145 596 3207 que
617 3123 671 3188 fue
693 3145 736 3188 un
753 3123 903 3206 Principe
923 3143 999 3205 moy
1021 3120 1200 3197 excolente,-

58 3245 109 3306 que
129 3227 202 3290 vino
232 3227 362 3310 despues
395 3227 432 3292 de
455 3227 610 3293 Henrrico
640 3228 793 3312 septimo:
823 3249 846 3312 y
876 3226 996 3293 huzinle
1025 3224 1115 3316 todos
1145 3224 1195 3288 los

57 3329 223 3396 sinsabores
247 3353 308 3415 que
330 3353 369 3396 en
386 3333 415 3396 el
430 3333 548 3398 mundo
562 3332 666 3415 podis,
689 3356 710 3416 y
725 3333 965 3417 espceiolmentc
980 3332 1013 3395 lo
1028 3329 1198 3414 perscguie

8 3425 10 3430 ’
58 3455 107 3498 con
127 3437 199 3500 todo
223 3457 340 3521 genero
363 3438 400 3500 de
423 3437 626 3503 meldiciones
648 3437 942 3522 yexoomunioocs:
966 3441 1057 3503 tento
1080 3457 1141 3518 que
1163 3435 1193 3498 el

58 3536 203 3606 ludovico
226 3563 286 3604 uvo
309 3541 347 3604 de
369 3541 464 3604 dexor
486 3565 506 3604 n
528 3540 631 3621 Italic,
655 3565 775 3626 perque
796 3564 829 3608 se
844 3543 941 3608 ternis
955 3541 1192 3625 detrayeiones.

58 3644 128 3722 yde
148 3667 196 3708 ser
218 3645 382 3729 atcsigedo
413 3647 563 3729 ybuelto
586 3670 605 3712 n
628 3647 812 3726 Almonis,
848 3647 919 3712 hino
951 3644 1193 3730 oyuotomicnto

60 3746 91 3810 de
109 3751 196 3814 todos
219 3751 266 3816 los
281 3750 446 3834 Principes
467 3775 489 3836 y
504 3753 651 3818 hombres
667 3753 774 3818 doctos
791 3775 831 3818 en
846 3750 1067 3819 Froncsforte':
1091 3749 1194 3814 dende

60 3854 143 3918 recito
165 3855 212 3920 les
236 3854 439 3922 intolerables
462 3857 638 3941 efrentnsy
660 3857 795 3939 injurios
817 3878 878 3940 que
899 3856 928 3920 le
950 3855 1021 3920 ovio
1043 3852 1142 3918 heoho
1163 3851 1194 3916 ol

60 3952 217 4023 Pontifice:
252 3959 427 4044 ydespues
455 3960 632 4044 repitiendo
663 3962 711 4026 las
743 3960 892 4026 historias
921 3960 959 4022 de
987 3959 1036 4023 los
1057 3958 1194 4040 compo

61 4063 213 4141 pessulos,
237 4087 259 4148 y
283 4065 320 4128 de
344 4087 396 4128 sus
419 4065 667 4152 predecessores,
697 4066 744 4129 los
766 4064 993 4149 Emperedorcs
1016 4062 1192 4126 Romanosr

62 4168 227 4253 constituyo
253 4169 309 4235 olli
326 4168 460 4248 'mochus
483 4191 570 4234 cesos
593 4190 631 4236 en
653 4169 743 4234 feror
767 4171 804 4234 de
827 4169 859 4234 le
881 4167 1031 4252 dignided
1055 4164 1105 4230 del
1127 4163 1193 4228 Im·
1217 4151 1222 4159 ’

61 4272 154 4352 peric:
176 4275 275 4340 Come
297 4299 339 4353 es,
363 4297 424 4360 qne
446 4276 529 4340 solos
551 4275 599 4340 los
621 4275 781 4342 Electores
803 4272 966 4356 Principes
989 4271 1040 4336 del
1057 4269 1201 4352 Imperio

63 4379 203 4450 turiessen
237 4384 385 4470 potestud
415 4405 436 4470 y
466 4382 599 4450 derecho
628 4383 666 4448 de
697 4380 796 4477 elegir
817 4377 1020 4473 Elnpereior.
1065 4374 1132 4454 Quo
1154 4395 1196 4444 nc
