2930 4998
578 333 640 396 237

50 508 192 586 credibile,
218 529 345 572 rursum
368 503 527 583 adieretis,
550 504 722 571 leviuscula
744 506 828 581 sunt,
854 525 954 588 neque
976 504 1073 589 digna
1095 504 1183 582 satis,

49 636 105 696 quae
125 613 307 678 recitentur.
353 610 427 676 Non
453 611 486 674 in
509 632 546 676 eo
568 611 705 676 vertitur
734 609 917 694 negotium,
952 613 985 675 et
1015 609 1184 674 ridiculum

49 722 87 782 est
105 719 291 784 institutum
316 719 468 794 vestrum,
491 716 545 780 sed
568 715 620 780 hio
643 718 690 780 est
713 715 813 778 nodus
838 712 900 791 ille,
926 735 1018 797 quem
1043 735 1096 778 vos
1119 734 1186 778 non
1244 753 1247 764 ·

48 822 209 908 attingitis:
240 822 383 886 omnium
415 819 560 886 videlicet
589 819 805 887 calamitatum
835 822 868 884 et
894 817 1180 901 perturbationum,

48 928 148 1010 quibus
171 927 264 991 hodie
287 926 467 990 concutitur
489 924 585 1004 orbis,
608 945 663 988 vos
686 945 752 988 esse
775 927 927 1000 auctores,
954 927 985 988 et
1009 923 1085 988 adeo
1109 945 1183 989 eon-

47 1036 212 1118 spurcatam
237 1053 304 1096 esse
333 1030 510 1096 doctrinam
542 1033 676 1094 vestram
708 1049 835 1092 omnem
867 1031 963 1112 atque
995 1027 1112 1106 vitam,
1148 1032 1185 1092 ut

47 1138 115 1203 nihil
139 1137 280 1215 omnino,
305 1135 387 1219 quod
411 1133 548 1200 salutare
573 1134 616 1198 sit
638 1137 732 1216 atque
752 1136 883 1210 rectum,
906 1132 1025 1215 sperari
1041 1133 1184 1198 devotis

45 1244 141 1325 possit.
188 1239 222 1305 Si
254 1261 328 1306 vero
359 1261 424 1304 non
452 1239 497 1304 'ad
520 1238 769 1304 ludificationem
791 1236 978 1304 instituistis
1000 1236 1080 1302 illud
1102 1237 1184 1303 Viu-

46 1348 195 1412 centinnm
219 1345 405 1422 concilium,
436 1366 491 1410 our
514 1365 579 1409 non
611 1343 785 1409 observatis
815 1363 871 1422 ea,
903 1362 975 1425 ,quae
997 1345 1074 1408 tuno
1096 1344 1185 1408 vobis

45 1452 228 1518 emendanda
250 1472 315 1516 esse
338 1449 536 1542 videbantur,
561 1469 624 1512 non
649 1469 757 1514 revera
780 1447 916 1532 quidem,
940 1447 994 1512 sed
1016 1447 1129 1513 callide
1148 1452 1183 1512 'et

44 1557 205 1622 insidiose?
249 1553 338 1620 Num
367 1554 407 1618 ab
440 1575 476 1618 eo
508 1557 649 1638 tempore
679 1554 762 1636 lupee
791 1556 866 1616 sunt
889 1574 906 1617 e
928 1553 1040 1618 vestris
1063 1553 1182 1618 sedibus

46 1663 164 1744 ejectae?
210 1659 262 1724 An
286 1659 444 1742 impuram
475 1657 564 1722 illam
594 1657 879 1734 nundinationem,
915 1679 1009 1742 quam
1032 1658 1183 1724 exercetis

45 1767 70 1830 in
93 1767 184 1831 bonis
207 1765 418 1842 eeclesiarum,
442 1763 637 1828 sustulistis?
666 1760 720 1826 An
734 1783 798 1826 uno
814 1762 921 1846 aliquo
943 1764 1085 1828 contenti
1108 1764 1183 1828 estis

44 1872 238 1957 episcopatu?
283 1869 370 1934 Num
394 1869 443 1934 vel
465 1869 583 1946 docetis
606 1868 669 1952 ipsi
692 1867 860 1952 populum,
892 1868 942 1933 vel
973 1869 1086 1934 saltem
1109 1891 1182 1953 pro·

42 1977 167 2054 videtis,
202 1979 240 2039 ut
271 1979 355 2040 recte
386 1973 597 2038 instituatur?
629 1995 670 2036 an
698 1972 806 2056 potius
835 1994 945 2058 regum
968 1975 1043 2038 estis
1065 1973 1183 2058 ubique

44 2083 230 2146 sectatores?
268 2079 325 2162 [X]
349 2077 431 2154 Quid
453 2101 472 2142 a
494 2078 582 2142 vobis
605 2077 832 2162 expectendum
857 2082 915 2157 est,
939 2078 993 2160 qui
1017 2078 1120 2143 solum
1143 2080 1184 2145 ad

42 2184 176 2250 fraudem
198 2188 230 2249 et
253 2184 424 2248 ludibrium
448 2184 589 2248 intentos
612 2183 735 2248 habetis
758 2183 904 2248 animos?
949 2181 1028 2280 Curp
1051 2184 1113 2248 erit
1135 2184 1180 2248 si-

43 2291 116 2355 milis
149 2296 255 2354 vestra
287 2289 449 2368 condicio,
486 2288 588 2372 qualis
621 2288 683 2352 fuit
714 2289 931 2374 episcoporum
968 2311 1095 2368 corum,
1129 2289 1184 2372 qui

42 2395 214 2480 sumptibus
236 2393 363 2477 imperii
379 2393 608 2458 conveniebant
623 2393 661 2457 od
678 2392 756 2457 illud
773 2393 1010 2458 celeberrimum
1027 2393 1184 2460 Nicenum

41 2501 211 2578 concilium,
235 2499 285 2563 cui
308 2497 410 2564 Csesar
434 2497 663 2562 Constantinus
687 2501 829 2581 preerat,
853 2501 922 2562 tum
944 2498 1005 2563 erit
1028 2520 1092 2562 non
1117 2497 1179 2562 dif-

41 2605 113 2669 ficile
144 2626 204 2670 neo
236 2603 488 2680 incommodum,
522 2603 603 2667 inire
634 2602 795 2668 vobiscum
829 2603 915 2686 pacis
947 2607 980 2667 et
1010 2603 1183 2668 concordiae

600 2779 618 2817 tt

38 2919 175 2984 warcrmb
198 2920 302 2984 thfind
327 2919 354 2982 ir
378 2919 428 2983 nit
451 2917 531 2982 nach
554 2917 738 2983 desselben
762 2917 914 2984 inohalt?
945 2919 1033 2984 Habt
1050 2919 1084 2994 ¹ir
1107 2919 1184 2986 seit-

37 3025 86 3088 her
108 3027 168 3090 der
190 3025 252 3089 zeit
274 3046 354 3089 cwcr
375 3025 580 3090 hdrenwesen
605 3024 803 3108 gemissigt?
826 3023 905 3088 habt
919 3025 948 3088 ir
965 3025 1015 3088 die
1030 3030 1184 3110 symonei,

36 3131 168 3210 sicher,
192 3129 257 3192 und
280 3129 340 3192 den
362 3148 493 3212 grossen
515 3132 597 3193 wirot
619 3129 684 3192 und
708 3128 817 3206 undat,
846 3150 880 3192 so
903 3128 931 3191 ir
954 3129 1009 3192 inu
1034 3131 1093 3194 den
1116 3131 1184 3194 kir-

37 3234 128 3314 chen,
164 3236 220 3299 das
241 3235 302 3310 ist,
338 3232 393 3297 der
415 3254 524 3296 armen
546 3233 612 3296 und
635 3233 846 3318 notiirfftigen
869 3227 980 3318 glaber,
1017 3235 1185 3300 vecsamlet

36 3342 94 3404 und
117 3338 283 3425 gehauffet
305 3337 399 3416 heht,
436 3337 619 3422 abgethou?
666 3338 754 3402 Habt
777 3338 821 3402 irs
844 3337 893 3402 bei
918 3360 1048 3406 ewerem
1073 3340 1183 3405 Consi-

35 3447 126 3510 storio
151 3443 316 3520 erhelten‚
348 3444 402 3506 das
424 3443 469 3508 sie
492 3442 560 3507 sich
583 3445 644 3508 mit
665 3444 768 3508 cinem
794 3443 979 3522 Bisthumb,
1014 3445 1074 3508 mit
1097 3445 1216 3509 einer·

35 3551 95 3614 hbt
117 3551 197 3614 oder
219 3547 406 3612 Probsteien
429 3543 575 3634 benhgen
605 3549 732 3613 lassen?
776 3547 837 3616 Die
859 3546 1097 3613 Cardin'rilisehe
1119 3549 1184 3614 Ebt

34 3656 186 3720 residiren
210 3655 255 3718 sie
279 3654 328 3718 bei
362 3653 430 3718 iren
462 3653 645 3718 mllnchen?
690 3652 767 3718 Wes
799 3653 900 3717 hiltlts
931 3654 985 3718 das
1019 3655 1048 3718 ir
1070 3654 1184 3719 Refor-

34 3761 166 3838 mirend‚
190 3759 254 3824 und
277 3758 420 3832 dennoeh
443 3757 547 3842 gleich
571 3759 653 3820 from
675 3756 840 3821 bleibent?
862 3758 923 3822 wie
938 3759 1000 3822 solt
1018 3781 1108 3822 mans
1125 3759 1185 3823 mit

33 3865 106 3928 euch
130 3863 282 3940 anfahen,
304 3863 397 3927 dweil
419 3863 447 3926 ir
469 3884 551 3926 cwer
572 3862 655 3926 selbs
677 3861 743 3925 und
766 3862 821 3926 der
843 3868 979 3947 gantzen
1003 3863 1078 3929 welt
1094 3867 1184 3949 spot-

33 3973 123 4034 tent?
181 3968 287 4032 Wenn
320 3991 352 4033 es
384 3969 459 4034 umb
491 3967 571 4033 euch
603 3967 668 4032 und
699 3989 803 4032 ewern
836 3969 929 4032 stand
958 3969 1032 4032 wirt
1065 3968 1185 4053 gethon

32 4077 105 4154 sein,
130 4075 194 4140 wic
217 4095 249 4138 es
272 4073 348 4138 umb
371 4095 470 4138 ewere
492 4073 648 4151 verterem
672 4073 722 4136 die
738 4073 908 4136 Bisch'ofen
925 4095 980 4136 zur
996 4073 1058 4137 neit
1072 4073 1184 4137 Keiser

33 4178 246 4256 Constantini,
270 4178 388 4262 gethon
412 4201 496 4255 war,
531 4177 647 4243 welche
680 4179 729 4241 uff
757 4176 890 4263 gemelts
912 4176 1038 4242 Keisers
1061 4178 1185 4257 kosten,

31 4285 91 4346 und
117 4285 175 4348 des
201 4282 313 4346 Reichs
337 4283 467 4366 pferden
491 4285 556 4348 und
581 4283 752 4347 mauleseln
776 4283 878 4368 gehen
897 4281 996 4347 Nicea
1021 4281 1091 4368 [60]
1115 4304 1186 4346 uum

33 4386 177 4454 Concilio
200 4388 325 4466 kamen,
348 4389 394 4456 als
419 4388 469 4452 die
492 4387 542 4452 nit
565 4410 600 4452 so
622 4389 696 4452 l'eist
712 4409 816 4454 waren
833 4385 892 4452 wic
909 4387 936 4450 ir
953 4386 1080 4452 ietzuud
1103 4387 1184 4472 sind,
