2902 4996
686 85 705 121 p

579 297 640 362 117

45 470 154 536 Verum
175 475 225 536 est
247 469 333 536 istud
358 475 389 535 et
411 470 620 558 agnoscimus,
644 473 750 554 patres
773 471 952 555 conscripti.
983 468 1043 538 Sed
1065 493 1127 557 quo
1150 470 1183 537 id

45 576 165 643 consilio
188 576 334 642 fecistis?
378 575 452 643 Non
484 577 547 642 alio
579 580 680 655 certe,
715 599 811 660 quam
836 582 873 643 ut
895 577 1070 643 evelleretis
1092 576 1182 642 illam

42 683 196 747 hominum
220 684 258 747 de
281 682 370 748 vobis
385 683 578 766 opinionem,
602 681 863 761 existimantium,
885 683 1111 767 impedimenta
1125 704 1182 766 per

43 809 85 852 111
106 787 195 871 injici
220 790 382 872 perpetuo.
428 785 569 871 Cumque
591 807 655 850 non
679 785 880 870 ignoraretis,
904 788 978 871 quid
1002 787 1121 873 passim
1144 788 1182 852 de

42 893 117 958 uobis
138 893 299 958 sentirent
322 914 439 971 omnes,
464 892 532 957 ausi
556 892 684 956 tandem
705 891 820 973 fuistis,
844 893 971 958 concilii
987 893 1180 958 mentionem

41 998 138 1064 faeere.
189 995 334 1062 Clemens
365 998 461 1062 etiam
484 1019 567 1082 papa
590 997 685 1062 semel
710 1019 803 1062 ausus
827 996 890 1062 fuit
913 1002 981 1064 toto
1004 999 1052 1064 sui
1074 998 1180 1082 ponti-

41 1105 136 1168 ficatus
160 1107 323 1187 tempore,
347 1103 399 1168 sed
423 1103 469 1167 ita
491 1102 674 1188 proposuit,
699 1106 734 1166 ut
757 1102 835 1166 satis
858 1103 1029 1182 iudicaret,
1061 1125 1094 1168 11
1117 1126 1182 1168 nou

41 1209 283 1274 emendationem
316 1211 474 1291 spectare,
509 1208 563 1272 sed
595 1207 787 1274 altissimum
819 1207 920 1273 otium
943 1213 975 1274 et
997 1209 1181 1294 tranquilli·

40 1318 133 1380 tatem.
184 1312 236 1380 stc
266 1313 353 1378 enim
380 1310 479 1378 babet
510 1314 576 1398 ejus
610 1313 733 1391 oratio,
769 1335 863 1396 quam
895 1335 950 1399 per
980 1314 1102 1400 legatos
1127 1314 1180 1380 de-

8 1505 9 1508 *
40 1419 192 1484 nuntiavit
223 1419 256 1482 iu
282 1416 502 1505 Gerlmaniam.
548 1417 658 1484 Otium
688 1421 794 1484 autem
828 1418 905 1484 illud
936 1423 968 1484 ct
996 1419 1180 1504 tranquilli·

40 1527 123 1588 tatem
135 1524 299 1608 quomodo
315 1523 477 1608 cogitabat
492 1523 634 1588 stabilire
650 1523 712 1588 sibi
727 1545 852 1608 suaeque
867 1523 956 1590 sedi?
979 1523 1181 1590 Praesedisset

40 1629 92 1712 ipse
113 1627 264 1716 cognitor
288 1632 320 1693 et
338 1628 451 1712 judex,
483 1649 594 1712 regum
616 1628 754 1712 stipatus
783 1628 896 1706 armis,
931 1632 964 1694 et
985 1629 1180 1694 adversarios

41 1756 90 1798 rou
114 1739 328 1820 agnoscentes
352 1734 457 1817 ipsum
480 1734 608 1817 ejusque
631 1735 735 1798 sedem
758 1733 1005 1798 condemnasset.
1037 1733 1106 1801 Hoc
1126 1734 1180 1800 ille

43 1839 255 1922 compendium
284 1838 468 1924 spectabat,
501 1842 532 1903 et
562 1859 617 1902 vos
640 1859 764 1922 quoque
786 1838 935 1921 spectatis
958 1838 1037 1904 illud
1059 1860 1179 1920 omnes,

42 1945 121 2008 etiam
135 1942 194 2008 bic
205 1943 322 2008 Paulus
337 1943 459 2020 tertius,
475 1945 527 2027 qui
545 1965 616 2008 cum
632 1943 671 2007 ad
688 1943 908 2028 pontificatum
924 1945 1126 2027 pervenisset,
1143 1948 1179 2009 ut

41 2049 188 2132 specimen
213 2048 339 2132 aliquod
363 2049 488 2113 illustre
510 2048 599 2112 daret
621 2070 685 2112 suae
707 2047 890 2132 probitatis,
915 2049 994 2114 illud
1018 2051 1101 2133 quod
1124 2071 1179 2114 vo-

39 2158 98 2218 cant
121 2153 317 2219 breviarium
340 2153 550 2238 repurgabat,
581 2154 697 2238 ineptis
721 2153 910 2238 quibusdam
938 2154 1055 2220 fabulis
1077 2176 1115 2220 ex
1142 2176 1178 2220 eo

39 2259 172 2325 sublatis.
217 2258 334 2324 Nonne
356 2259 531 2343 speciosum
554 2259 612 2323 hoc
635 2263 683 2324 est
706 2281 742 2324 ec
771 2280 923 2345 magnum
955 2264 1179 2345 argumentum

8 2365 9 2370 ’
38 2365 132 2446 animi,
158 2387 266 2432 veram
290 2368 322 2428 et
345 2365 478 2428 solidam
502 2363 760 2430 reformationem
783 2364 989 2430 meditantis?
1022 2363 1097 2431 Non
1121 2366 1178 2430 du·

594 2537 612 2576 ’l‘

38 2679 145 2744 babent
170 2678 215 2742 irs
238 2677 368 2763 gethan,
391 2678 495 2744 lieben
518 2679 642 2757 herren,
667 2679 751 2744 daun
774 2679 828 2744 das
845 2680 873 2742 ir
889 2679 967 2744 euch
983 2682 1064 2744 ctwa
1079 2679 1179 2745 damit

38 2783 270 2869 eutschuldigen
292 2787 391 2869 mdgt.
436 2783 470 2848 Ir
503 2784 620 2849 solleut
651 2806 766 2850 ewerer
789 2784 1036 2868 wider[7b]part
1067 2783 1179 2850 billich

38 2889 182 2965 dancken,
205 2889 251 2953 sie
273 2888 378 2953 haben
401 2887 480 2954 euch
496 2889 692 2973 verubufftig
708 2888 774 2952 und
789 2889 868 2974 klug
883 2888 1039 2974 gemacht.
1072 2887 1178 2953 Wenn

37 3015 100 3057 man
123 2993 177 3058 die
199 3013 400 3078 vergangene
429 2992 507 3076 ding
531 2992 592 3056 mit
614 2993 674 3056 den
698 2994 952 3079 gegenwertigcn
975 2992 1177 3078 vergleichet,

37 3097 84 3161 bat
104 3121 181 3162 man
203 3097 271 3163 sich
293 3097 381 3162 desto
413 3097 484 3162 base
506 3101 576 3162 adm
601 3097 784 3183 klinfftigen
807 3102 845 3162 ab
866 3098 1000 3164 richteu.
1046 3096 1178 3162 Dieweil

36 3183 290 3281 ir'vermercker,
315 3204 369 3268 das
392 3204 562 3287 ycderman
586 3197 781 3281 1111111111,
813 3203 866 3268 des
889 3225 1037 3289 verzeugs
1060 3203 1176 3268 halben

37 3308 88 3372 mit
108 3309 180 3374 dem
197 3307 347 3388 Concilio,
370 3309 490 3394 klaget,
512 3309 631 3374 habent
654 3309 682 3373 ir
698 3309 777 3374 euch
793 3313 865 3374 zum
880 3310 996 3374 letsten
1013 3304 1177 3387 verkfinet,

36 3414 91 3478 und
114 3415 167 3478 ein
189 3413 254 3478 mal
277 3414 446 3480 derhalben
470 3414 634 3478 herausser
650 3414 839 3500 geschicket,
863 3415 927 3478 und
944 3415 998 3479 das
1015 3415 1064 3478 bei
1079 3414 1177 3499 yetzi-

36 3539 98 3602 gem
120 3519 231 3584 Paulo.
278 3519 335 3583 Bei
358 3520 476 3584 seinem
499 3519 645 3583 versaren
679 3519 798 3584 habent
828 3519 895 3584 ibrs
925 3519 1016 3584 nicht
1046 3520 1176 3605 gethan,

37 3645 84 3687 aus
107 3623 229 3703 forcht,
259 3624 319 3689 wie
349 3624 532 3709 gleublich,
566 3645 639 3687 man
671 3617 776 3687 wdrds
807 3624 857 3688 dic
888 3623 955 3688 leut
977 3623 1028 3688 nit
1048 3623 1177 3688 kdnuen

37 3720 221 3809 ilberreden,
257 3729 312 3794 das
345 3751 394 3792 ers
426 3732 485 3814 gut
518 3728 644 3793 meinet.
690 3727 747 3792 Bai
778 3728 848 3792 dem
878 3730 1024 3814 yetuigen
1059 3727 1178 3790 babent

37 3830 75 3894 irs
103 3837 265 3919 gewaget,
305 3834 378 3898 bald
409 3834 491 3898 nach
524 3834 627 3898 seiner
658 3831 823 3912 Election,
858 3833 918 3897 mit
952 3830 1086 3897 solchcm
1122 3831 1177 3894 be-

38 3934 183 4016 deucken,
215 3959 256 4002 on
280 3938 427 4016 nweiffel,
457 3937 501 4003 Er
524 3939 567 4002 ist
588 3961 673 4016 new,
706 3961 779 4002 man
803 3925 920 4004 keuuct
954 3938 988 4001 in
1012 3935 1094 3999 noch
1116 3934 1176 4012 uit,

38 4062 92 4106 von
120 4065 226 4130 wegeu
256 4045 340 4110 seins
374 4047 470 4110 alters
502 4045 596 4110 wirdt
629 4067 703 4109 man
737 4047 771 4110 in
806 4045 858 4110 fiir
894 4045 986 4108 einen
1018 4039 1176 4104 frdmeren

38 4147 155 4214 schalck
176 4149 309 4227 achten,
340 4151 405 4216 und
429 4152 483 4216 das
507 4173 541 4215 er
563 4150 690 4228 fr'dmer,
715 4151 796 4215 auch
819 4151 872 4214 der
894 4143 1099 4212 reformation
1121 4143 1176 4206 be-

43 4251 123 4338 girig
150 4255 210 4333 sei,
240 4256 336 4320 wirdt
366 4279 438 4322 man
470 4255 602 4322 etlicher
629 4279 712 4320 mass
743 4254 944 4320 vermerclreu
973 4273 1028 4316 aus
1057 4250 1175 4314 seinem
1213 4295 1224 4334 ,

37 4376 139 4423 neuen
161 4359 332 4428 Breviorio.
