2938 4988
807 323 849 382 46

249 487 313 556 non
337 490 540 577 agnoscitur,
575 511 683 556 verum
712 493 809 558 stiam
838 491 885 556 ita
915 514 949 557 00
978 499 1139 578 comparat
1171 500 1204 561 et
1230 502 1298 562 tam
1322 501 1402 564 arti-

247 596 352 660 fieiose
375 596 594 662 crudelitatem
618 617 706 660 snam
736 597 839 681 tegit,
873 601 910 660 ut
941 599 1063 662 ooiatur
1093 605 1125 664 et
1154 602 1339 668 observetur
1364 607 1403 670 ab

247 689 413 779 omnibns,
445 702 509 766 aosi
538 704 692 784 tanquam
715 691 946 784 nu[CIV]men
970 704 1097 786 aliquod
1120 707 1259 772 salutare
1280 711 1402 775 eonsti-

246 811 335 872 tutus
357 811 440 872 esset
462 829 481 871 a
496 806 563 872 Deo
586 807 620 871 in
644 807 703 871 hae
725 807 841 872 misera
855 811 887 870 et
903 807 1090 874 calamitosa
1105 811 1270 876 hominurn
1286 814 1364 879 rita

246 911 362 978 Nonne
385 933 474 998 reges
496 933 605 976 omnes
627 933 663 976 ao
685 911 863 977 monarcha
886 912 1018 979 fuerunt
1046 914 1141 999 hujus
1170 914 1402 984 dominationis

248 1015 469 1084 admirabundi
504 1021 697 1101 spectatores
732 1021 765 1081 et
786 1016 969 1100 adjutores?
1005 1018 1075 1095 ‘Qui
1096 1023 1224 1086 tametsi
1247 1025 1402 1108 majorem

245 1124 462 1192 innoeentiam
495 1128 528 1188 et
561 1123 734 1205 puritatem
768 1123 802 1186 iu
835 1123 902 1206 ejus
931 1124 998 1188 vita
1019 1123 1154 1190 fortasse
1176 1127 1402 1196 desiderabant

245 1230 431 1314 aliquando,
456 1249 520 1292 non
543 1231 649 1293 tamen
674 1231 848 1311 potnerunt
869 1251 941 1294 eum
964 1251 1147 1315 agnoscere,
1172 1234 1323 1316 quoniam
1348 1257 1400 1300 re·

243 1335 373 1422 ligionis
396 1333 544 1416 opinione
567 1333 808 1410 detinebantur,
843 1333 954 1398 deinde
983 1335 1029 1398 010
1051 1341 1138 1413 erat,
1174 1341 1210 1401 ut
1232 1343 1398 1422 oporteret

244 1461 316 1505 eum
339 1439 477 1525 grassari
499 1438 538 1502 011
560 1437 647 1502 huno
670 1439 818 1516 modum,
853 1439 887 1504 in
918 1461 1041 1505 summa
1063 1442 1205 1506 omnium
1228 1443 1399 1510 hominum

243 1544 455 1632 ignoratione,
479 1546 512 1607 et
533 1543 726 1627 impunitate
748 1543 902 1622 maxima,
926 1543 1009 1608 sicut
1038 1546 1196 1630 scriptura
1225 1551 1397 1635 praesigni·

243 1652 359 1718 iioavit.
393 1649 473 1715 Cum
495 1669 569 1713 vero
590 1650 785 1733 pervenisset
805 1650 845 1713 ad
868 1669 1027 1714 summum
1049 1652 1183 1736 gradum
1208 1654 1396 1738 impietatis,

243 1763 280 1823 01
300 1754 467 1841 superaddi
490 1752 573 1818 nihii
594 1757 709 1837 posset,
733 1753 863 1818 adortus
885 1757 934 1818 est
957 1754 1061 1838 ipsum
1084 1755 1179 1833 Deus,
1202 1757 1289 1823 intra
1313 1758 1395 1824 Ger·

809 1874 827 1913 ’i‘

242 1969 306 2034 s'en
331 1967 400 2031 faut
422 1964 501 2050 qu'il
529 1963 591 2029 soit
620 1983 726 2048 eognu
755 1963 795 2046 (si
817 1963 971 2029 1111001001
992 1964 1016 2028 11
1039 1986 1152 2031 couvre
1184 1988 1218 2030 sa
1247 1972 1395 2055 oruaute')

244 2073 339 2158 qu'au
361 2069 520 2136 contraire
541 2068 566 2132 il
589 2071 638 2132 001
659 2067 741 2132 servi
763 2071 796 2132 et
819 2070 925 2132 revere
946 2069 984 2132 de
1003 2073 1085 2147 tous,
1108 2092 1229 2136 eomme
1255 2075 1284 2136 si
1311 2073 1394 2138 Dieu

241 2177 351 2242 l'avoit
374 2175 531 2240 0000111110
563 2195 603 2238 00
635 2177 719 2238 ueste
747 2173 796 2237 vie
818 2173 985 2238 miserable
1000 2160 1044 2239 et
1067 2177 1171 2258 pleine
1194 2177 1232 2240 de
1261 2178 1395 2244 calami-

240 2287 298 2362 ten,
322 2303 402 2366 poor
424 2303 486 2345 une
508 2280 674 2364 puissanoe
697 2279 812 2357 divine,
836 2279 987 2348 salutaire
1009 2301 1071 2346 aux
1094 2281 1243 2346 hommes.
1275 2339 1279 2346 .

807 2401 825 2439 11

240 2515 280 2558 00
313 2493 432 2577 alguua
465 2490 532 2556 0010
554 2489 730 2574 Republica
753 2512 771 2553 0
793 2489 971 2570 Provincia,
995 2511 1061 2556 mas
1089 2513 1147 2576 por
1174 2491 1239 2556 easi
1261 2492 1337 2557 toda
1361 2495 1393 2560 ia

238 2595 385 2681 Europa,
415 2615 519 2680 yson
542 2594 616 2658 todo
640 2615 708 2658 0000
732 2615 773 2658 00
796 2594 968 2660 0010100010
998 2617 1039 2660 00
1061 2617 1095 2658 00
1117 2597 1283 2675 0011001110,
1314 2620 1391 2682 pero

238 2704 268 2767 01
289 2721 323 2766 00
344 2702 386 2765 ha
408 2700 446 2764 de
467 2700 515 2764 1111
540 2719 680 2776 manera,
704 2723 725 2784 y
752 2700 888 2764 enenbre
913 2702 969 2764 tan
994 2707 1230 2766 menossmente
1254 2724 1291 2768 su
1316 2725 1389 2768 eru·

237 2808 341 2885 eldat,
373 2828 434 2890 que
464 2804 609 2870 todeslo
632 2809 788 2890 aeetany
811 2805 840 2869 10
872 2805 993 2882 sirven,
1027 2807 1172 2870 0001001
1204 2805 1306 2872 inesse
1340 2809 1388 2872 al·

237 2935 304 3000 gun
327 2913 414 2990 dios,
449 2916 560 2996 puesto
584 2910 620 2974 de
643 2911 676 2974 la
701 2931 797 2974 mano
818 2910 857 2974 de
879 2909 956 2974 Dios
987 2932 1063 2993 para
1092 2911 1163 2974 dar.
1178 2912 1266 2975 salud
1296 2936 1315 2976 a
1340 2912 1388 2978 los

236 3019 384 3083 hombres
407 3039 446 3081 00
469 3019 538 3081 esta
564 3015 734 3080 miserable
755 3039 776 3099 y
799 3015 982 3080 calamitosa
1004 3015 1085 3079 vida.

805 3191 821 3229 ss

322 3332 434 3400 Heben
459 3335 503 3398 im
527 3334 577 3399 nit
600 3333 661 3398 alle
682 3334 794 3418 keyser
815 3334 881 3400 und
909 3334 1026 3419 kdnig,
1058 3336 1123 3400 und
1152 3335 1304 3421 vulganda
1337 3337 1386 3401 die
1458 3335 1459 3367 ⁴

234 3444 348 3527 gantae
370 3441 445 3505 welt
468 3441 519 3506 hie
541 3441 576 3504 in
598 3440 797 3524 adgesehan?
828 3441 894 3504 und
925 3441 966 3505 ob
989 3442 1034 3505 sie
1056 3441 1117 3504 woi
1139 3441 1293 3524 gesehen,
1328 3443 1383 3506 das

233 3570 267 3611 er
290 3546 342 3611 ein
365 3543 563 3610 sohandtlieh
585 3544 791 3609 onohristlioh
807 3545 898 3610 leben
915 3540 1049 3630 gestiret,
1074 3545 1177 3609 haben
1193 3547 1288 3612 01010
1305 3547 1385 3611 doeh

189 3637 191 3640 ⁵
232 3651 283 3714 nit
305 3655 421 3733 m'dgen
443 3648 615 3726 erkennen,
639 3649 721 3712 deun
746 3671 780 3713 er
802 3648 885 3714 hat¹
910 3644 1019 3714 derfiir
1042 3649 1194 3733 gebawet,
1218 3650 1265 3713 als
1288 3651 1329 3716 da
1351 3673 1384 3714 er

232 3756 277 3820 sie
299 3755 437 3818 vereidet
458 3753 524 3829 hat,
548 3753 614 3818 und
638 3753 718 3817 auoh
741 3757 827 3818 mdst
849 3775 883 3817 er
905 3753 955 3818 dio
973 3753 1145 3837 bestimpte
1160 3753 1231 3831 neit,
1254 3754 1313 3818 wie
1329 3755 1382 3818 der

231 3859 365 3944 Apostel
387 3862 469 3944 sagt,
492 3859 701 3942 ansregieren.
742 3857 813 3922 Und
836 3859 988 3923 demnaeh
1011 3858 1058 3923 ela
1080 3859 1133 3922 ein
1155 3858 1242 3922 soloh
1263 3860 1381 3942 jdmer·

230 3964 316 4042 11011,
348 3983 544 4041 1011101100,
579 3964 646 4028 und
668 3964 858 4030 Barbariseh
890 3965 969 4050 ding
1000 3966 1035 4028 in
1057 3966 1112 4030 der
1134 3964 1282 4048 Religion
1306 3987 1379 4040 war,

230 4069 303 4148 das,
333 4090 381 4134 wo
402 4091 476 4132 man
499 4069 614 4133 hinder
635 4070 703 4134 sieh
726 4069 877 4148 (10001101,
908 4071 1012 4134 einem
1035 4070 1121 4155 bang
1145 4069 1210 4134 und
1232 4090 1380 4154 graneam
1457 4079 1458 4158 ᾗ

230 4174 355 4242 werden
378 4177 457 4254 10110,
484 4171 540 4238 hat
564 4173 644 4252 Got,
668 4178 707 4240 nd
730 4173 916 4258 bestimpter
939 4175 1018 4252 zeit,
1051 4173 1154 4238 seiner
1177 4173 1380 4258 verbeissung

299 4419 313 4477 1
334 4420 385 4476 hut
403 4419 482 4476 auch.
