2902 4996
759 371 762 375 .
804 311 865 374 102

254 488 487 563 indumentum,
510 488 542 548 et
565 505 670 549 rasum
695 504 732 548 ex
755 483 941 568 praescripto
962 487 1066 568 caput,
1091 489 1124 550 et
1138 487 1399 570 gesticulationes,
1442 507 1443 558 J

253 592 513 667 ceremoniarum,
538 611 616 673 quas
633 590 672 654 ad
687 589 861 653 ludibrium
877 587 1082 675 excogitastis
1099 591 1171 674 ipsi,
1193 593 1305 675 plenae,
1321 595 1401 659 tanti
1442 591 1443 642 l

253 701 330 763 sunt
353 699 494 761 moment
479 696 530 760 ti?
574 693 728 759 Nemt
691 698 728 758 ut
755 717 864 759 omnes
893 695 1033 778 undique
1064 717 1173 761 causas
1200 700 1364 782 conquirat
1365 701 1397 778 is,

253 804 337 868 nihil
359 802 483 866 habetis
505 799 590 865 aliud
614 799 775 884 profecto,
809 800 893 882 quod
916 801 1017 883 possit
1018 802 1045 865 is
1003 802 1245 868 t.obtrndere
1291 803 1401 868 Sedet

252 907 350 974 haec
340 929 419 991 rpss,
443 927 513 990 quae
535 909 642 968 tamen
658 899 819 969 levissima
834 910 955 970 suntet
971 906 1065 989 plane
1086 909 1266 992 nugatoria,
1292 909 1400 993 quibus
1442 905 1443 986 l

253 1013 412 1078 inhaerent
434 1033 470 1076 ac
493 1011 581 1075 velut
604 1009 800 1075 inaedifieatae
823 1015 898 1075 sunt
920 1010 1129 1076 nihilominus
1152 1035 1205 1076 ves
1207 1018 1265 1077 troe
1284 1035 1443 1116 Ῑιιιεειιι·ἰ

255 1121 358 1184 siones
380 1139 507 1196 omnes,
539 1116 763 1193 contemnitis,
794 1115 981 1200 vicariisque
1003 1121 1071 1180 vest
1074 1117 1136 1194 ris,
1171 1118 1290 1183 infimae
1313 1119 1401 1183 sortis

255 1223 457 1300 hominibus,
488 1243 525 1286 ea
548 1219 840 1340 oomlmendatrset
862 1222 1008 1287 obeunda
1030 1223 1222 1306 relinquitis
1269 1223 1363 1289 Vos
1354 1247 1400 1287 ιιι-
1442 1287 1443 1334 1

255 1329 349 1394 terim
372 1329 419 1392 ita
440 1327 568 1405 vivitis,
602 1331 639 1392 t
661 1349 722 1390 nrsr
745 1327 862 1392 vestitu
886 1328 981 1392 aliam
1004 1349 1171 1412 personam
1194 1327 1365 1393 sustineret
1366 1329 1398 1406 is,
1442 1335 1443 1450 l

256 1433 377 1499 nullam
400 1433 483 1498 inter
506 1454 560 1497 vos
582 1436 615 1496 et
636 1432 765 1497 lenones
788 1433 932 1496 futurum
955 1433 998 1496 sit
1018 1432 1195 1497 discrimen.

257 1539 361 1618 Quid,
394 1559 471 1602 num
505 1537 697 1601 moderanda
729 1537 819 1601 vobis
853 1537 920 1602 haec
948 1537 1057 1602 vident
1043 1541 1096 1602 tur
1132 1541 1163 1601 et
1196 1534 1401 1624 corrigenda?
1442 1573 1443 1586 ι

257 1643 486 1709 Verumtamen
509 1641 601 1706 facile
624 1641 824 1727 colligimus,
860 1664 924 1706 non
955 1642 1006 1707 fut
992 1646 1100 1708 turum
1123 1667 1142 1707 a
1165 1644 1255 1707 vobis
1278 1645 1401 1708 initium
1442 1681 1443 1718 ι

257 1749 351 1832 hujus
375 1747 595 1825 correctionis,
625 1769 661 1812 ac
683 1747 856 1831 prudenter
878 1748 983 1813 facitis
1008 1749 1041 1814 in
1064 1771 1131 1812 rem
1154 1752 1302 1814 vestram.
1349 1749 1401 1814 Sed
1442 1789 1443 1825 ;

257 1853 381 1939 quid
357 1875 384 1918 ει
406 1851 567 1916 vobiscum
591 1852 637 1916 ita
659 1851 901 1936 transigeretur,
924 1856 962 1916 ut
977 1874 1021 1931 ea,
1045 1874 1115 1935 qnae
1130 1876 1215 1919 nuno
1230 1854 1400 1938 possidetis,
1442 1896 1443 1932 ι

257 1981 323 2024 ιιοιι
345 1957 520 2022 adimerent
506 1961 558 2022 tur
581 1957 735 2034 vobis,e
772 1961 886 2022 utvos
910 1958 1022 2023 deinde
1045 1959 1184 2024 vicissim
1207 1960 1287 2024 abst
1264 1960 1401 2024 ttisrnere
1442 2011 1443 2022 ,

257 2063 579 2147 apersecutionibus,
604 2084 668 2127 non
691 2037 868 2146 impediret
860 2085 886 2127 rs
908 2064 1065 2149 evangelii
1088 2087 1225 2144 cursum,
1248 2073 1280 2129 et
1302 2087 1342 2129 ex
1357 2063 1400 2128 his
1442 2108 1443 2146 ,

258 2171 334 2253 ipsis
358 2167 563 2232 facultatibus
587 2189 623 2232 ao
646 2169 754 2246 bonis,
786 2188 856 2250 quae
879 2173 953 2232 sunt
976 2170 1188 2254 amplissima,
1224 2169 1401 2235 decideretis
1442 2189 1443 2251 ᾗ

257 2278 375 2340 certam
397 2274 537 2358 aliquam
560 2275 593 2338 et
615 2273 802 2338 mediocrem
825 2275 1004 2356 portionem
1031 2276 1064 2338 in
1087 2275 1267 2340 scholarum
1288 2279 1324 2339 et
1345 2273 1400 2338 eol·
1442 2351 1443 2356 γ

258 2380 413 2466 legiorum
430 2383 462 2444 et
476 2400 651 2464 pauperum
666 2383 698 2444 et
714 2379 851 2446 ecclesiae
867 2380 1085 2445 ministrorum
1102 2381 1292 2446 necessarios
1309 2379 1399 2444 usus?

825 2501 843 2541 s

259 2612 366 2675 mony,
390 2612 424 2655 so
447 2589 587 2676 lrrefftig,
611 2589 676 2655 und
698 2611 761 2654 von
784 2591 907 2656 solcher
921 2612 1046 2676 grosser
1060 2591 1250 2676 wirclrung?
1282 2589 1317 2654 Ιι·
1332 2589 1401 2654 habt
1442 2637 1443 2674 5

255 2697 289 2782 ja
319 2698 424 2762 nichts
456 2697 568 2762 andere
596 2697 812 2781 beynrlsetnen.
859 2695 933 2761 Und
966 2697 1044 2762 eben
1077 2695 1259 2781 dasselbig,
1295 2695 1401 2760 welchs

259 2803 338 2868 doch
360 2825 395 2867 so
418 2823 476 2886 gar
499 2802 584 2866 lrlein
609 2802 673 2866 und
694 2803 817 2888 gering,
841 2783 967 2868 darhnff
980 2803 1123 2868 dennooh
1138 2823 1219 2866 ewer
1234 2800 1329 2866 lehen
1343 2798 1398 2863 und
1442 2847 1443 2868 ι

259 2909 336 2972 alles
358 2907 516 2993 gestifftet
544 2908 608 2985 ist,
642 2907 826 2972 verachtent
849 2908 899 2986 ir,
933 2909 1069 2973 lassents
1099 2927 1197 2972 ewere
1221 2903 1395 2991 Oappell'dn,

259 3014 425 3091 Vicarien,
461 3014 526 3077 und
558 3011 672 3077 andero
703 3035 789 3077 arme
818 3013 961 3077 Teuffeln
995 3012 1191 3077 aullriohten.
1236 3010 1272 3074 Ir
1305 3011 1397 3076 forent
1441 3060 1443 3096 j

259 3117 359 3182 frisch
382 3117 488 3195 daher,
513 3118 577 3181 und
600 3139 648 3181 wo
671 3118 750 3182 euch
773 3119 823 3182 die
845 3119 1016 3203 kleidung,
1050 3140 1112 3183 von
1141 3118 1280 3182 anderen
1304 3119 1398 3183 leuten
1442 3179 1443 3184 ,

260 3224 311 3288 nit
334 3223 519 3301 absondert,
543 3222 608 3286 und
631 3223 851 3302 aullneichnet,
884 3224 987 3288 wiirdt
1009 3247 1083 3289 man
1106 3217 1280 3308 eigentlich
1303 3241 1397 3306 sagon,
1442 3269 1443 3292 ι

262 3329 317 3394 das
339 3328 383 3392 ist
406 3328 457 3392 ein
480 3327 659 3392 vveidlioher
681 3329 798 3394 brdder
820 3330 865 3393 im
889 3329 968 3407 feld,
1002 3330 1053 3394 ein
1081 3330 1210 3395 stoltzer
1234 3329 1396 3400 Rtlffianer,

260 3435 326 3499 und
350 3433 401 3497 ein
426 3433 513 3497 solch
535 3454 699 3520 verwegen
723 3435 814 3500 stuclr
843 3435 969 3514 fleisch,
1005 3435 1052 3499 als
1082 3457 1157 3500 man
1188 3435 1287 3499 lraum
1319 3433 1397 3498 einen
1442 3495 1443 3517 ἶ

260 3540 368 3604 finden
383 3537 469 3620 sol.†

261 3643 409 3709 Duncket
447 3643 525 3707 euch
563 3643 613 3708 nit
649 3643 761 3708 billich
800 3645 889 3723 sein,
931 3645 986 3709 das
1027 3665 1101 3708 man
1139 3643 1205 3707 dise
1245 3643 1322 3728 ding
1356 3639 1397 3704 ein

260 3751 366 3836 wenig
388 3749 546 3834 massigt'?
590 3747 686 3826 Nun,
720 3749 778 3813 wir
808 3749 912 3814 kdnen
944 3750 1005 3813 wol
1029 3748 1202 3826 orechten,
1234 3748 1264 3810 ir
1286 3745 1396 3812 werden
1442 3827 1443 3834 ἵ

260 3855 343 3920 selbs
372 3855 422 3918 nit
452 3853 608 3931 anfahen,
642 3854 756 3918 werdts
780 3855 964 3931 verniehen,
998 3875 1033 3918 so
1055 3852 1132 3938 lang
1155 3853 1234 3917 imer
1258 3847 1392 3938 mtglich.
1442 3901 1443 3921 ι

263 3959 322 4024 Die
343 3959 493 4025 vernunst
516 3960 619 4046 gibts,
652 3960 717 4024 und
740 3960 768 4022 ir
790 3959 888 4024 thfint
911 3960 954 4024 im
978 3981 1039 4023 nur
1061 3959 1158 4023 recht.
1206 3957 1311 4022 Wenn
1334 3973 1395 4018 man

262 4064 336 4129 aber
359 4065 426 4130 eins
448 4065 537 4144 thar,
562 4066 626 4129 und
650 4064 729 4130 euch
752 4065 956 4142 versiohcren,
969 4066 1068 4142 wttrd,
1093 4064 1170 4128 euch
1194 4085 1308 4128 ewerer
1331 4058 1395 4124 Gen
1442 4110 1443 4116 ,

261 4171 326 4234 und
342 4170 490 4237 Renthen
513 4171 564 4235 nit
586 4175 623 4236 ιι
647 4174 818 4248 entsetzen,
841 4172 907 4235 und
930 4172 984 4235 das
999 4171 1028 4234 ir
1043 4170 1213 4256 dargegen,
1236 4169 1289 4232 des
1304 4166 1393 4230 Even-

263 4273 327 4358 geli
349 4276 462 4360 predig
485 4277 534 4340 nit
557 4275 758 4354 verhindert,
794 4275 875 4341 anch
904 4276 954 4340 nit
984 4276 1050 4340 also
1079 4269 1222 4353 vitent,
1256 4271 1319 4337 und
1346 4269 1393 4332 den

263 4379 391 4444 rechten
408 4380 706 4460 Kirchendieneren,
730 4381 781 4446 die
803 4381 888 4446 dann
911 4403 975 4444 von
997 4383 1093 4445 ntten
1116 4379 1206 4444 seind
1229 4369 1393 4465 (dieweilir
1442 4459 1443 4462 Ἴ
