2902 4996
571 345 630 410 161

55 524 123 589 dedit
145 523 236 610 longe
267 521 521 607 potentissimum
545 519 670 604 qualem
693 541 711 583 s
732 518 842 584 multis
860 519 927 603 jam
951 521 1071 587 surculis
1096 521 1175 588 Ger·

53 629 138 694 menia
159 630 278 694 nullum
302 627 423 693 hebuit.
456 625 516 690 His
539 630 604 690 tam
629 623 672 708 [N
687 625 750 708 iiij]
773 625 882 690 multis
906 628 939 690 et
960 627 1097 712 egregiis
1118 651 1176 711 po·

52 735 118 818 pulis
138 757 155 798 s
177 733 241 798 Deo
264 732 431 816 preelectus
455 753 497 809 es,
521 753 584 796 non
609 731 710 795 solum
734 733 770 794 nt
792 729 916 794 civilem
937 729 1095 812 justitiam
1120 733 1176 796 ed-

51 840 196 919 ministres,
219 860 333 923 eosque
357 837 396 902 ab
420 835 559 901 hostium
577 836 697 920 impetu
713 833 871 912 defendas,
894 834 1116 900 verumetiam
1140 839 1177 900 ut

49 945 188 1028 provideas
210 948 243 1009 et
265 965 393 1027 operam
409 942 472 1020 des,
496 963 558 1026 quo
574 941 626 1026 pie
643 941 761 1019 vivant,
785 962 842 1006 mec
857 939 922 1004 ulla
936 937 1018 1006 falsa
1033 941 1177 1008 doctrine

50 1049 183 1114 ducentur
207 1049 240 1112 in
264 1069 413 1112 errorem.

49 1152 94 1217 Per
114 1152 300 1237 Hispanias,
334 1152 452 1218 avitam
483 1149 713 1233 possessionem
734 1153 766 1214 et
789 1171 923 1236 regnum
946 1153 1057 1229 tuum,
1090 1152 1178 1238 viget

49 1243 125 1341 snpra
145 1259 272 1322 modum
297 1279 332 1322 ea
356 1277 426 1340 qum
448 1253 564 1318 dicitur
587 1252 772 1336 inquisitio,
807 1254 908 1319 etita
930 1255 1056 1338 quidem
1078 1257 1175 1344 viget,

48 1366 74 1424 ut
92 1367 120 1426 et
139 1361 224 1426 nihil
247 1361 395 1444 cuiquam
417 1357 507 1423 effari
523 1357 625 1435 liceat,
649 1361 680 1420 et
697 1357 729 1420 in
744 1356 938 1423 testimoniis
954 1363 1177 1446 cognoscendis

47 1486 143 1550 magns
156 1467 199 1531 sit
217 1465 378 1548 iniquitas.
412 1461 502 1541 Quod
526 1483 562 1526 eo
584 1461 790 1546 periculosius
813 1466 862 1526 est
885 1467 979 1548 atque
1002 1465 1176 1552 indignius,

48 1569 113 1652 quod
134 1571 227 1654 hujus
251 1569 468 1654 inquisitionis
491 1566 647 1654 praefecti,
672 1571 748 1630 sunt
770 1571 801 1630 et
824 1567 943 1634 indocti
966 1572 997 1634 et
1019 1570 1122 1648 sveri,
1145 1573 1177 1635 et

47 1693 74 1736 ex
92 1695 123 1738 eo
144 1674 248 1740 solum
271 1675 404 1758 aucupio
427 1673 547 1739 visunt.
594 1671 655 1736 Hic
687 1675 771 1736 certe
794 1673 983 1740 auctoritate
1005 1678 1061 1740 tue
1084 1677 1175 1741 vehe-

47 1784 149 1844 menter
170 1803 250 1865 opus
274 1785 330 1844 est.
363 1778 440 1844 Cum
463 1779 558 1856 enim,
582 1779 678 1864 longo
701 1799 807 1842 rerum
830 1800 888 1843 usu
911 1779 1043 1863 peritior
1064 1778 1176 1860 fectus,

47 1885 137 1964 multa,
161 1909 233 1971 quse
254 1885 402 1970 cognosci
426 1885 549 1962 debent,
574 1884 737 1969 ignorare,
761 1883 880 1962 Oaesar,
911 1905 975 1948 nou
998 1885 1115 1980 possis,
1145 1891 1177 1951 et

47 1992 141 2056 rectius
164 1992 351 2078 intelligas,
384 1995 421 2054 ut
443 1994 491 2056 est
519 1989 688 2068 credibile,
723 2011 787 2052 non
820 1989 912 2053 debes
943 1989 1086 2073 proiecto
1118 1991 1177 2056 hoc

47 2098 151 2161 tanturn
173 2098 293 2161 donum
317 2095 497 2180 negligere,
532 2094 585 2157 sed
614 2114 672 2176 pro
701 2091 798 2156 insite
826 2093 1026 2158 humanitate
1057 2099 1113 2160 tue
1134 2098 1174 2161 li·

46 2198 173 2266 beraliter
195 2199 278 2265 illud
299 2201 404 2286 ipsum
428 2199 588 2286 impertiri
610 2201 665 2263 tuo
685 2197 813 2282 populo,
836 2202 868 2263 et
884 2198 929 2263 sic
944 2200 1027 2283 apud
1043 2205 1075 2266 te
1090 2210 1176 2272 certo

594 2319 611 2358 11ι

46 2409 175 2474 mischem
198 2407 321 2488 Keiser,
346 2409 464 2474 seithcr
485 2408 621 2473 etliehen
645 2407 688 2472 vil
711 2408 849 2474 hundert
865 2407 965 2491 juren.
996 2406 1176 2476 Denselben

46 2513 77 2576 ist
94 2514 126 2578 ll.
149 2516 193 2580 M.
218 2537 280 2580 vom
305 2513 367 2579 (iot
399 2537 453 2578 zur
476 2511 628 2578 Oberkeit
659 2513 723 2577 und
753 2536 823 2576 zum
855 2513 968 2576 herren
999 2516 1175 2596 verordnet,

46 2619 83 2681 nit
100 2621 192 2685 allein
217 2621 268 2684 die
290 2618 492 2706 burgerliohe
514 2618 768 2703 rechtfertigkeit
799 2621 837 2682 nd
868 2618 1075 2700 handhaben,
1112 2623 1176 2686 und

45 2723 78 2786 sie
96 2745 148 2790 vor
170 2726 289 2810 geuualt
311 2729 349 2788 cd
372 2724 570 2800 beschtttzen,
594 2723 707 2787 sonder
730 2723 811 2788 euch
833 2723 1012 2808 vorsehumg
1030 2728 1068 2790 ud
1085 2725 1176 2805 thum,

46 2828 87 2893 das
106 2831 148 2896 sis
170 2832 224 2896 ein
240 2829 412 2894 christlieh
434 2829 524 2892 leben
547 2823 651 2905 firren,
675 2826 740 2890 und
762 2827 823 2892 mit
837 2827 948 2892 keiner
962 2828 1098 2896 falecher
1112 2831 1177 2896 lere

46 2931 166 3001 sentiret
189 2933 327 3000 werden.

115 3039 166 3104 Nu
188 3039 264 3104 hats
288 3036 412 3121 (leider)
436 3037 468 3100 in
493 3035 528 3100 Ε.
553 3035 595 3101 Μ.
620 3035 814 3119 Spanischen
838 3034 1082 3121 Kbnigreichen,
1105 3041 1176 3106 eine

45 3144 131 3208 solche
152 3143 290 3230 gestalt,
324 3141 378 3206 das
410 3140 460 3204 die
482 3140 676 3224 Inquisition
706 3145 776 3205 edm
811 3141 889 3205 aller
923 3141 1177 3226 gesehwindstem

45 3249 95 3312 und
115 3272 185 3313 zum
209 3246 420 3329 schurpffsten
444 3241 543 3332 gedbt
575 3245 667 3324 wirt,
704 3246 770 3310 also
798 3247 852 3309 dus
884 3269 958 3310 mam
989 3247 1066 3338 aller
1100 3249 1178 3334 ding

45 3353 131 3418 nichts
154 3355 252 3419 reden
276 3373 364 3429 mue,
395 3351 460 3414 und
489 3351 631 3415 danehen
664 3351 724 3413 mit
746 3350 806 3414 den
829 3351 1014 3437 mengnissen
1039 3373 1096 3438 ger
1118 3377 1178 3418 un-

45 3457 184 3539 iormlich,
211 3459 321 3523 schnel
344 3457 408 3521 und
424 3457 614 3542 geschwind,
636 3455 671 3538 ja
685 3455 842 3520 blindlich
858 3456 1001 3540 zdgehet.
1033 3456 1179 3524 Welches

45 3583 90 3645 gar
110 3567 156 3630 ein
180 3563 334 3650 geferlich
356 3564 434 3648 ding
458 3563 508 3640 ist,
532 3562 598 3626 und
620 3563 708 3625 desto
732 3563 836 3637 mehr,
862 3561 955 3625 dweil
978 3561 1121 3646 diejhene
1144 3587 1178 3629 so

46 3671 179 3751 gemelter
202 3668 396 3752 Inquisition
420 3668 597 3743 vorstehen,
621 3667 697 3730 eben
724 3689 779 3730 eus
796 3667 974 3730 demselben
991 3666 1179 3733 handwerck

46 3778 160 3853 erueret,
185 3774 266 3840 auch
289 3773 367 3837 aller
390 3773 468 3857 ding
491 3771 727 3856 ungeschicket,
751 3771 897 3856 uugelert
920 3771 984 3835 und
1008 3773 1175 3838 uuerferen

46 3877 111 3957 sind,
133 3881 243 3945 darein
266 3877 302 3944 E.
327 3878 369 3942 M.
395 3877 503 3941 billich
528 3877 578 3940 ein
603 3876 790 3940 ernstliohes
812 3876 977 3940 einsehens
1000 3876 1081 3940 thtin
1104 3878 1176 3941 solt.

46 3977 123 4047 Denn
145 4005 180 4048 so
204 3982 267 4048 (iot
290 3981 326 4048 E.
350 3982 394 4046 M.
419 3983 468 4045 die
492 3982 577 4066 guad
600 3981 701 4065 geben
726 3981 799 4058 hat,
836 3982 891 4045 das
914 3981 958 4044 sie
981 4003 1045 4058 nu,
1080 3982 1177 4046 durch

46 4080 124 4170 lunge
144 4089 306 4172 erfsrnng,
331 4088 445 4164 vorsb,
469 4086 568 4151 durch
591 4085 894 4170 nechstgeheltenen
919 4084 1091 4170 Reiohstag
1113 4088 1179 4152 und

46 4192 191 4274 gesprech,
215 4194 295 4256 viler
319 4193 396 4276 ding
422 4193 475 4256 bas
499 4192 655 4256 beriehtet
679 4192 745 4254 sein
770 4212 861 4274 mag,
887 4191 972 4254 deun
996 4190 1107 4276 bever,
1132 4193 1179 4255 sol

46 4289 74 4354 ll·
95 4294 134 4360 Μ.
158 4299 264 4362 solche
287 4299 349 4380 gab
372 4299 435 4363 und
461 4297 593 4361 wolthet
617 4295 745 4373 GottcS,
776 4295 825 4358 nit
848 4294 1033 4372 verachten,
1066 4296 1180 4360 sonder

47 4417 92 4462 eus
113 4398 574 4492 Keiserlichem*vitterlichenr
604 4395 733 4486 genrdt,
770 4400 814 4462 ire
836 4396 987 4474 Erbland,
1011 4398 1075 4462 und
1098 4399 1179 4466 liebe

82 4519 199 4565 ereinuc.
934 4503 963 4557 ll
