2930 4998
607 321 670 384 229

81 490 155 557 dirce
175 492 311 576 turpiter
333 493 438 559 affecti
460 497 546 571 sunt,
568 493 691 570 videat3
723 495 761 558 ut
783 493 923 558 animum
948 493 1075 577 adjiciat
1098 496 1136 559 ad
1159 517 1209 560 re·

80 597 274 678 superandum
296 619 352 677 ea,
388 619 456 681 quae
486 619 543 681 per
573 599 659 682 ipson
690 598 797 663 ablata
826 602 902 664 sunt
931 603 963 663 et
986 600 1094 665 avulsa
1117 602 1209 666 malis

78 701 183 766 artibus
204 702 243 766 ab
265 702 418 786 imperio,
452 706 484 768 et
515 723 601 768 nunc
629 702 804 768 honestiori
833 703 930 768 titulo
954 709 1121 771 censentur
1144 727 1210 770 esse

77 805 288 888 patrimonium
311 805 406 872 Petri.
453 806 591 891 Cogitat,
615 807 756 890 inquam,
780 829 816 872 eo
839 829 905 872 rem
927 808 1096 892 aliquando
1118 833 1210 894 posse

77 911 180 988 deduci,
214 915 308 995 teque
330 911 448 990 Oaesar,
476 913 561 1002 videt
583 912 643 977 hoo
665 935 755 997 posse
777 935 843 997 prae
866 895 979 978 ceteris
1002 937 1066 978 non
1089 915 1210 980 incom-

77 1015 161 1095 mode,
185 1017 240 1100 qui
263 1038 320 1101 per
341 1017 468 1082 Italiam
492 1018 611 1101 alioqui
634 1019 698 1082 late
720 1019 903 1084 dominaris.

148 1121 190 1186 Et
213 1128 297 1187 certe
319 1143 390 1187 oum
413 1123 456 1186 sit
478 1124 615 1188 ecelesias
639 1123 803 1200 minister,
835 1126 872 1187 ut
901 1124 963 1201 ait,
994 1123 1139 1207 iniquum
1161 1129 1210 1190 est

74 1231 100 1290 et
119 1231 210 1312 turpe
233 1231 266 1292 et
287 1232 398 1294 contra
419 1229 518 1293 bonos
541 1249 654 1306 mores,
678 1229 783 1312 ipsum
805 1233 912 1294 tenere
935 1229 1089 1306 civitates,
1113 1251 1209 1308 arcae,

74 1331 198 1398 diciones
222 1355 258 1398 ae
281 1333 464 1417 municipia.
500 1333 651 1398 Mediocri
674 1335 804 1398 fortuna
826 1332 918 1398 debet
941 1355 1008 1398 esse
1031 1337 1209 1411 contentus,

73 1439 99 1500 et
117 1437 243 1502 tandem
266 1438 435 1521 oportebit,
458 1442 494 1502 ut
517 1459 555 1502 ex
578 1438 629 1502 hia
653 1438 773 1502 duobus
796 1438 932 1502 alterum
956 1438 1071 1522 eligat,
1103 1442 1139 1502 ut
1161 1439 1210 1510 vel

72 1562 164 1626 regem
187 1545 221 1606 et
243 1542 408 1626 politicum
431 1543 568 1626 aliquem
592 1542 768 1627 principem
792 1564 825 1606 se
848 1543 1034 1626 profiteatur
1056 1563 1131 1620 esse,
1160 1544 1209 1607 vel

72 1647 197 1712 ecclesiae
219 1645 413 1712 ministrum.
461 1646 494 1712 si
518 1648 606 1732 prins
629 1646 709 1711 illud
739 1646 852 1732 eligit,
887 1647 1026 1712 discedat
1058 1648 1158 1732 igitur
1192 1671 1211 1712 a

72 1752 203 1835 superbis
224 1752 289 1817 illis
310 1757 343 1817 et
364 1752 514 1817 fastuosis
536 1752 661 1830 titulis,
698 1774 762 1816 non
792 1751 963 1830 obtrudat,
1000 1774 1063 1817 non
1097 1753 1210 1816 vendat

72 1857 130 1921 orbi
151 1878 225 1921 suas
248 1861 281 1920 et
302 1857 488 1921 sanctitates
512 1860 544 1920 et
567 1857 742 1934 beatitates,
768 1879 831 1920 non
855 1857 996 1940 patiatur
1020 1857 1097 1920 alios
1120 1879 1210 1942 reges

72 1962 103 2025 ad
122 1962 222 2045 ipsius
244 1983 348 2047 genua
369 1963 528 2045 prosterni
552 1966 704 2045 tanquam
734 1961 973 2038 adorabundos;
1009 1962 1209 2026 contineatur

71 2066 169 2132 iisdem
192 2066 337 2154 legibue,
373 2068 488 2151 quibus
511 2068 566 2132 alii
590 2067 748 2151 principes
771 2087 899 2144 omnes,
936 2089 1000 2134 non
1033 2070 1126 2150 putet
1149 2067 1210 2131 sibi

70 2173 229 2257 quicquam
259 2172 354 2238 licere
384 2174 455 2259 plus
487 2195 582 2256 quam
613 2173 705 2248 uliis3
740 2172 894 2255 poeniteat
924 2172 1027 2256 ipsum
1059 2176 1210 2237 anteactae

70 2277 325 2362 turpitudiniset
347 2278 439 2356 vitm,
470 2278 624 2357 fateatur,
657 2300 675 2341 a
698 2297 731 2340 se
754 2278 881 2361 suisque
903 2278 1077 2361 majoribus
1102 2277 1210 2342 orbem

69 2387 216 2449 terrarum
240 2403 306 2448 esse
329 2383 575 2448 circumventum
599 2383 739 2460 nefarie,
777 2383 901 2448 nullum
924 2404 1014 2466 posse
1037 2382 1210 2468 excogitari

70 2489 252 2572 supplicium
274 2488 351 2552 satis
374 2490 475 2565 atrox,
499 2492 531 2552 ct
551 2488 682 2572 dignum
698 2488 798 2552 tantis
814 2487 962 2571 flagitiis;
988 2488 1110 2551 veniam
1133 2509 1209 2572 sup-

69 2593 133 2675 plex
155 2596 262 2678 petat,
293 2597 324 2657 et
353 2593 525 2658 condonari
548 2593 610 2656 sibi
633 2614 748 2658 noxam
772 2593 896 2677 flagitet
918 2592 958 2656 ab
981 2592 1128 2656 omnibus
1151 2592 1208 2655 ho-

69 2699 182 2764 minum
206 2697 474 2781 ordi[Vij]nibus;
511 2703 543 2761 et
572 2695 833 2780 quemadmodum
858 2698 942 2760 ferus
965 2700 1058 2760 antea
1081 2696 1143 2760 fnit
1173 2719 1210 2761 ac
1265 2751 1267 2756 .

70 2803 284 2880 intolerabilis
308 2802 354 2866 ita
376 2802 420 2867 sit
442 2802 588 2886 deinceps
611 2805 793 2866 mansuetus
816 2805 848 2866 et
870 2801 1044 2866 submissus
1067 2806 1098 2865 et
1119 2801 1208 2879 lenis,

628 2924 645 2963 a

67 3013 205 3092 betliscb,
228 3035 300 3078 aum
323 3013 402 3077 theil
425 3013 606 3078 rauberiscb
629 3011 760 3089 innbat,
788 3013 853 3076 und
876 3012 930 3075 der
953 3011 1084 3076 kirchen
1107 3011 1208 3094 patri·

66 3119 202 3184 monium
225 3121 361 3196 nennet,
392 3117 565 3183 widerumb
588 3140 627 3182 an
652 3117 718 3182 sich
741 3117 893 3200 bringam,
923 3117 987 3180 und
1012 3117 1066 3180 das
1089 3115 1125 3180 E.
1152 3115 1206 3192 M,

67 3224 106 3288 als
128 3225 179 3290 die
201 3227 243 3289 o'n
267 3223 322 3286 das
345 3223 397 3288 ein
419 3221 604 3307 gewaltiger
627 3221 700 3286 herr
723 3221 757 3283 in
782 3220 898 3284 Italien
930 3220 994 3299 ist,
1029 3219 1131 3284 solchs
1161 3219 1210 3284 nit
1249 3279 1251 3284 ,

66 3330 249 3396 schwdrlich
271 3325 421 3394 ausfdren
447 3328 580 3393 mbcbte.
1035 3405 1037 3410 Ι

144 3436 239 3500 Denn
264 3435 307 3498 im
331 3435 378 3499 als
400 3435 502 3498 einem
525 3432 774 3510 kirchendiener,
798 3433 853 3497 der
876 3432 943 3496 sich
966 3432 1026 3495 mit
1048 3432 1121 3496 kost
1144 3432 1209 3494 und

66 3540 130 3624 [55]
151 3541 273 3605 kleider
296 3539 343 3604 sol
365 3534 510 3623 bendgen
533 3539 646 3616 lassen,
670 3538 729 3602 wie
752 3537 802 3601 die
818 3537 949 3602 Sebrifft
972 3543 1053 3621 sagt,
1076 3530 1208 3621 gebdrts

64 3644 117 3722 nit,
140 3646 216 3710 land
239 3644 305 3708 und
328 3644 395 3708 lent
417 3646 456 3709 ad
477 3643 631 3727 regieren,
655 3643 811 3708 schldsser
833 3643 899 3707 und
916 3647 981 3706 scas
995 3641 1206 3720 innzdbaben,

66 3770 93 3812 es
115 3750 185 3814 sind
219 3749 488 3832 incompatibilia,
523 3747 596 3812 Und
626 3771 659 3814 er
691 3753 760 3814 mds
783 3747 909 3813 endlich
933 3749 987 3812 der
1009 3748 1119 3811 aweier
1141 3747 1209 3811 eins

64 3853 150 3934 thdn,
167 3854 338 3920 eintweder
353 3855 404 3918 ein
420 3853 594 3918 weltlicher
609 3852 790 3938 regirender
806 3853 888 3931 herr,
906 3853 979 3918 oder
995 3853 1046 3917 ein
1061 3853 1208 3916 lrirchen-

65 3957 167 4024 diene'r
196 3960 283 4038 scin,
318 3958 382 4023 Das
414 3981 447 4022 er
470 3957 553 4022 diser
575 3958 686 4022 zweier
709 3956 776 4022 eins
799 3958 886 4022 wdle.
933 3957 1013 4022 Will
1036 3978 1069 4020 er
1091 3979 1135 4021 nu
1158 3957 1209 4021 ein

64 4065 242 4148 regirender
263 4064 337 4128 herr
360 4065 443 4142 sein,
475 4066 530 4128 das
551 4086 585 4128 er
608 4064 693 4128 dann
717 4065 767 4127 die
789 4063 863 4127 welt
885 4062 944 4125 mit
967 4062 1069 4125 seiner
1092 4061 1207 4146 heilig-
1293 4139 1294 4144 η

64 4165 126 4232 lreit
147 4170 326 4256 ungeplagt
348 4171 411 4233 und
435 4185 657 4234 unverworren'
680 4171 780 4247 lasse,
816 4169 870 4233 das
905 4189 938 4230 er
969 4167 1035 4231 sich
1058 4167 1127 4230 halt
1150 4168 1209 4231 wic

64 4274 173 4338 andere
195 4275 397 4341 Potentaten.
443 4275 523 4363 Will
546 4299 580 4340 er
602 4276 678 4340 aber
700 4276 751 4339 ein
774 4273 1015 4338 kirchendiener
1033 4273 1121 4368 sein,
1153 4271 1209 4335 das

64 4397 94 4442 er
115 4380 200 4446 dann
223 4380 422 4465 demjhenen‚
446 4403 481 4446 so
505 4382 560 4448 das
585 4381 720 4446 schwert
742 4402 804 4445 von
829 4378 892 4443 Got
916 4378 1040 4442 befolen
1062 4377 1123 4455 ist,
1148 4377 1209 4443 den
