2938 4988
789 335 848 435 ‘eo

199 534 201 539 ·
256 504 351 572 Nunc
373 528 467 586 vero,
500 507 527 572 ai
550 509 656 571 tantas
679 507 813 590 injuriae
836 511 868 572 et
890 508 1109 584 contumelias,
1136 508 1250 592 quibus
1273 530 1327 574 vos
1348 508 1396 572 ad-

195 671 198 676 .
256 611 343 688 fecit,
367 634 560 695 concoquere
583 614 716 696 potestis
737 618 769 678 et
785 615 899 679 leniter
914 615 1129 698 interpretari,
1153 614 1289 678 nimium
1303 615 1397 678 hercle

257 716 417 800 patienter
442 716 473 780 id
497 716 613 795 facitis,
638 721 670 780 εὴ
692 717 859 782 videndum
885 721 933 782 est
955 718 1055 796 vobiS,
1082 741 1122 784 ne
1144 719 1250 802 potina
1274 719 1397 804 ignavie

259 821 302 885 sit
326 822 529 886 tribuendum
553 821 657 898 istud,
682 845 777 905 quam
791 823 849 888 ‘vel
871 822 1090 888 moderationi,
1104 824 1153 887 vel
1175 823 1396 907 temperantiae.
1441 815 1442 818 ¹

258 925 502 1010 Respiciendum
532 931 581 992 cst
610 928 694 992 enirn
727 951 791 992 non
821 929 922 991 solnm
946 929 985 994 ad
1009 927 1075 992 haec
1098 928 1201 1014 illiue,
1233 949 1303 1010 quae
1325 928 1397 990 dixi·
1441 969 1442 972 =

257 1053 337 1109 urus,
362 1033 527 1109 mandata,
558 1031 610 1096 sed
633 1032 836 1116 cogitandum
859 1035 923 1110 est,
955 1032 1030 1114 quid
1061 1032 1264 1098 antecesserit
1293 1054 1345 1108 ea,
1371 1036 1398 1095 ct
1441 1067 1442 1084 ι

258 1138 519 1221 quemadmodum
544 1136 632 1220 prius
655 1135 709 1200 ille
740 1135 911 1202 devastarit
944 1136 1068 1212 omnia,
1100 1159 1198 1219 quam
1218 1137 1279 1202 huc
1302 1138 1397 1218 impu·

258 1241 344 1306 dent
336 1248 428 1306 raeet
449 1242 585 1308 vesaniae
608 1241 810 1306 descenderit.
788 1221 1068 1326 tOogitandum
1090 1243 1204 1321 etiam,
1229 1243 1304 1326 quid
1326 1263 1398 1326 prae-

257 1348 344 1410 terea
366 1346 431 1410 fact
418 1350 508 1412 turus
532 1347 640 1425 fucrit,
664 1347 728 1410 nisi
750 1345 903 1411 divinitus
930 1346 1031 1410 dett
968 1350 1031 1410 ttec
1032 1368 1058 1410 ae
1082 1347 1261 1411 fuissent
1233 1369 1300 1430 eJus
1315 1350 1398 1410 artes
1441 1375 1442 1426 ι

258 1449 297 1514 In
321 1451 433 1534 primis
457 1456 563 1518 autem
586 1451 921 1517 considerandumt
873 1455 930 1530 est,
955 1452 1068 1516 hanc
1059 1453 1159 1537 ipsius
1183 1453 1350 1516 avaritiam
1370 1454 1397 1516 et
1441 1463 1442 1548 l

258 1556 401 1638 rapacita
383 1561 467 1621 atem
490 1557 531 1622 ob
553 1558 659 1622 oculos
682 1556 819 1641 positam
844 1578 910 1620 esse
932 1557 966 1620 in
989 1556 1127 1641 prophet
1128 1579 1251 1622 arumc
1252 1560 1398 1642 tapoost

257 1660 359 1726 lorum
383 1661 550 1746 scri[(}]pt
542 1685 579 1742 rs,
603 1663 734 1746 ideoque
756 1683 849 1742 nuno,
883 1666 955 1746 post
956 1685 1052 1746 quam
1074 1666 1122 1726 est
1144 1663 1284 1745 patescet
1285 1685 1330 1740 us,
1351 1683 1397 1725 cx·
1441 1663 1442 1692 ¹

257 1750 424 1831 curandam
455 1769 520 1851 ejus
550 1789 617 1832 esse
649 1789 684 1833 ac
713 1766 815 1832 modis
838 1767 985 1832 omnibus
1007 1768 1191 1852 fugiendam
1215 1768 1396 1832 societatem.
1441 1751 1442 1826 J

258 1869 328 1935 Hoc
361 1872 457 1936 etiam
491 1879 575 1937 certo
607 1873 827 1950 statuendum,
860 1872 982 1936 nullam
1006 1895 1072 1936 rem
1094 1873 1200 1956 piamj,
1231 1873 1397 1947 honestam,

259 1977 429 2042 salutarem
453 1983 484 2042 et
506 1978 686 2054 laudatam,
710 1977 855 2060 deinceps
879 1978 918 2042 ab
943 2000 979 2042 eo
1003 1979 1238 2064 expectandam.
1285 1978 1398 2043 Inebri-
1441 1975 1442 2054 Ῠ

259 2081 325 2146 avit
348 2083 432 2148 cnim
454 2084 599 2148 orbemt
585 2087 743 2147 terrarum
767 2083 822 2148 illo
844 2106 902 2148 suo
923 2083 1111 2150 veneficoct
1097 2085 1206 2167 tplus
1230 2105 1323 2166 quam
1336 2081 1442 2146 Cir·

139 2264 142 2268 .
258 2208 320 2252 creo
344 2188 470 2271 poculo,
502 2189 694 2253 dementavit
717 2210 842 2253 omnem
866 2189 1044 2274 Europam,
1077 2194 1110 2254 et
1135 2211 1238 2263 meras
1263 2188 1396 2252 instituit
1441 2175 1442 2268 i

257 2292 415 2359 idololat
374 2297 462 2370 trias,
486 2293 552 2376 ipse
574 2295 704 2378 interim
727 2317 790 2360 non
814 2299 879 2374 tam
903 2295 1059 2360 idolorum
1083 2297 1148 2360 cult
1135 2301 1185 2360 tor
1208 2317 1303 2380 quam
1325 2269 1442 2376 lipi-
1441 2323 1442 2352 ι

165 2456 168 2461 ,
258 2419 384 2475 curcua,
407 2421 531 2463 omnem
556 2400 743 2485 religionem
767 2403 990 2478 contemnem,
1020 2403 1051 2464 et
1037 2400 1226 2464 thonorem
1249 2399 1308 2462 sibi
1329 2420 1398 2506 ven·
1441 2379 1442 2466 l

258 2502 375 2580 dicans,
400 2503 454 2587 qui
478 2505 537 2586 soli
559 2505 626 2569 Deo
650 2505 788 2570 debetur
1441 2467 1442 2560 l

342 2607 403 2672 His
427 2610 503 2674 adeo
526 2610 563 2674 de
586 2611 687 2674 causis
720 2611 823 2676 adorit
809 2614 862 2676 tur
884 2612 988 2696 ipsum
1009 2611 1110 2688 Dens,
1146 2611 1307 2696 percellit,
1337 2630 1398 2672 ver·

255 2713 358 2792 -,berat
380 2714 531 2798 flagellat,
556 2716 682 2793 tturba,
706 2739 770 2780 non
793 2722 829 2781 ut
815 2717 1009 2782 tDavidem
1032 2717 1171 2801 aliquem
1194 2718 1250 2779 aut
1236 2713 1344 2778 tloh
1353 2713 1397 2776 vel

232 2819 378 2884 'similes
400 2821 510 2886 affliet
487 2825 665 2887 trtonumc
687 2823 850 2906 patientiae
874 2823 1001 2886 nomine
1024 2821 1124 2886 claros
1147 2820 1267 2898 heroas,
1294 2839 1394 2883 vernn
1441 2869 1442 2932 l

259 2928 296 2990 ut
317 2923 513 2990 Pharaonem
546 2929 589 3018 et·
607 2927 639 2990 id
666 2949 765 3012 genus
788 2927 865 2992 alias
888 2931 1043 2990 terrarum
1067 2929 1180 3010 pestes.
1226 2923 1301 2988 Non
1324 2923 1398 2986 enim

260 3028 409 3111 suspirat,
432 3051 497 3094 non
521 3023 701 3115 ingemiscit
723 3032 762 3095 ad
785 3030 897 3108 Deum,
922 3034 958 3094 ut
980 3030 1124 3095 remittat
1146 3030 1237 3106 iram,
1261 3032 1297 3092 ut
1319 3047 1397 3110 nven-

258 3135 324 3197 tem
346 3133 502 3218 largiatur
524 3135 751 3200 emendationis
775 3135 937 3218 cupidam,
957 3136 1025 3198 aed
1056 3134 1201 3198 sublimis
1230 3130 1262 3197 et
1285 3155 1353 3197 acer
1371 3131 1398 3191 et

250 3237 429 3323 'fastuosus
452 3240 565 3323 opibus
589 3241 709 3304 nefarie
732 3240 896 3324 acquisitis
919 3244 951 3303 et
974 3261 1084 3324 regum
1112 3239 1261 3305 subsidiis
1284 3234 1398 3322 egregie

260 3343 496 3427 circumseptus,
521 3349 557 3418 ut
580 3350 683 3428 putat,
707 3347 739 3409 in
763 3345 880 3430 magna
907 3347 1076 3412 securitate
1101 3345 1190 3409 vivit.
1240 3343 1322 3407 Nam
1347 3361 1397 3422 pu·
1441 3325 1442 3404 l

258 3447 358 3514 blicas
381 3449 465 3514 orbis
490 3451 696 3529 calamitates,
721 3452 834 3536 quihus
859 3451 955 3516 hodie
978 3451 1170 3526 divexamur,
1195 3448 1235 3512 ab
1255 3469 1291 3512 eo
1310 3441 1398 3509 veluti

251 3552 348 3618 ¹fonte
377 3556 544 3638 provenire
576 3560 684 3640 putat,
719 3558 801 3640 quod
831 3555 930 3638 ipsius
954 3559 985 3618 et
1007 3555 1204 3638 majestatem
1234 3556 1266 3616 et
1293 3547 1398 3614 sancli-
1441 3521 1442 3588 l

259 3662 358 3725 tatem
388 3666 420 3724 et
448 3661 631 3726 beatitatem
662 3684 723 3726 non
756 3662 834 3726 satis
859 3665 1038 3726 reverenter
1060 3661 1234 3745 agnoscant
1255 3656 1397 3720 homines.

828 3783 846 3822 ss
1441 3759 1442 3808 l

247 3869 341 3944 ¹noch
372 3877 469 3936 etwas
499 3873 613 3943 darinn
643 3869 706 3936 zd¹
738 3871 939 3935 vertuderen.
987 3869 1047 3932 Die
1070 3848 1186 3932 Steiidc
1220 3866 1273 3930 des
1295 3858 1398 3927 Reichs
1441 3887 1442 3954 q

258 3977 369 4042 hatten
403 3961 471 4040 sich
499 3981 594 4042 zirvor
626 3976 705 4039 viler
736 3976 955 4040 beschwernv'is
987 3975 1053 4038 und
1076 3994 1201 4058 grosser
1226 3962 1397 4034 millbreuch

259 4081 405 4146 offenlich
423 4082 547 4167 beolagt
570 4082 617 4164 (in
633 4081 771 4146 walchen
788 4081 954 4146 Articlreln
972 4080 1053 4156 auch
1077 4079 1191 4142 etliche
1214 4076 1311 4151 seind,
1334 4073 1396 4134 dar·

260 4189 321 4250 aull
344 4210 419 4251 man
443 4189 501 4252 den
524 4187 697 4252 Endchrist
727 4186 892 4269 erkenuet)

219 4431 221 4436 “
332 4421 344 4476 1
366 4419 439 4474 fehlt
456 4413 498 4474 ad.
