2902 4996
738 399 739 402 ,
792 329 853 394 184

245 501 345 590 igitur
369 505 454 568 certo
476 500 617 579 statuite,
641 499 764 566 nullam
780 524 837 568 nos
853 501 1014 568 subituros
1030 503 1225 584 servitutem,
1249 503 1302 570 sed
1323 528 1384 572 enm

245 629 311 674 esse
335 607 516 672 defensuros
539 608 653 686 locum,
678 609 733 691 qui
756 609 848 672 nobis
869 608 968 672 veluti
989 631 1046 692 per
1068 631 1181 674 manus
1198 615 1245 676 est
1260 612 1383 677 traditus
1437 629 1438 636 ³

246 737 265 778 a
288 714 460 797 majoribus
476 711 605 790 nostris,
630 735 730 796 neque
746 713 904 797 patiemur
922 713 1090 797 quicquam
1105 715 1264 780 libertatis
1280 722 1384 782 nostrae
1437 773 1438 776 ,

246 818 338 882 nobis
361 818 451 902 eripi.

247 921 325 988 eum
349 923 387 987 ad
410 945 482 987 eum
499 921 627 987 modum
644 926 819 988 crescerent
835 922 985 1006 utrinque
1001 922 1230 1001 contentiones,
1254 926 1384 1008 pontifex
1437 929 1438 1002 l

247 1050 311 1092 non
334 1029 427 1092 modo
449 1049 514 1091 non
536 1028 672 1113 urgebat
694 1028 880 1092 institutum
902 1050 1004 1106 suum,
1028 1028 1082 1092 sed
1102 1028 1251 1112 quicquid
1267 1031 1383 1094 oinnino

247 1132 286 1198 ad
304 1133 534 1198 contumeliam
556 1136 588 1196 et
610 1132 760 1216 injuriam
784 1129 941 1197 Caesarum
966 1133 1149 1217 spectabat,
1185 1133 1220 1196 in
1250 1155 1286 1198 eo
1314 1135 1385 1199 nihil

248 1237 522 1322 praetermittebat.
568 1236 653 1301 Nam
685 1241 716 1300 et
748 1237 904 1301 Henricns
935 1242 1086 1321 quartus,
1120 1240 1152 1301 et
1182 1238 1329 1320 quintus,
1359 1244 1385 1303 et

249 1343 427 1408 Fridericus
459 1342 602 1426 primus,
636 1346 669 1406 et
697 1343 764 1427 ejus
787 1341 892 1406 e-filio
915 1365 1012 1428 nepos
1036 1342 1212 1407 Fridericns
1236 1344 1384 1419 secundus,

249 1452 281 1514 et
303 1447 397 1532 hujus
426 1451 517 1531 pater
539 1447 727 1532 Philippus,
752 1450 783 1512 et
805 1446 975 1528 Albertns,
999 1454 1031 1512 et
1054 1447 1210 1512 Henricus
1233 1449 1383 1532 septimus,

249 1559 281 1618 ct
303 1552 479 1618 Ludovicns
503 1551 661 1631 Bararus,
686 1551 820 1617 Caesares
843 1575 972 1632 omnes,
1007 1575 1072 1618 non
1095 1553 1224 1618 obscure
1247 1557 1320 1617 sunt
1341 1576 1384 1618 ex-

251 1657 344 1741 perti,
369 1679 464 1742 quam
486 1657 529 1720 sit
550 1657 675 1722 effrenis
699 1662 730 1722 et
752 1658 909 1723 indomita
931 1663 962 1724 et
977 1660 1107 1744 ingrata
1121 1655 1223 1744 bellua
1238 1659 1386 1724 mendicus

252 1762 368 1846 aliquis
390 1761 619 1846 locupletatus,
652 1763 774 1846 experti
796 1767 891 1840 sunt,
927 1785 1023 1847 quam
1045 1762 1237 1827 virulentam
1260 1765 1387 1848 viperam
1437 1841 1438 1844 Ἴ

251 1868 385 1952 majores
408 1869 548 1951 ipsorum
568 1869 761 1946 educassent,
785 1871 817 1930 et
831 1871 985 1952 tanquam
1002 1867 1034 1932 in
1051 1870 1123 1932 sinu
1138 1867 1302 1946 fovissent,
1324 1869 1387 1931 dum
1437 1853 1438 1942 l

254 1971 399 2057 episcopo
422 1971 567 2037 Romano
589 1972 743 2056 paulatim
768 1972 962 2056 largirentur
993 1973 1117 2051 omnia,
1149 1995 1302 2056 suumque
1329 1976 1386 2036 st·
1437 2011 1438 2046 ,

253 2076 339 2141 dium
362 2099 454 2142 omne
477 2077 656 2142 conferrent
679 2077 718 2141 ad
740 2067 996 2160 amplificandum
1025 2077 1118 2141 illum
1149 2082 1181 2141 et
1213 2079 1387 2144 ornandum.
1437 2111 1438 2152 3

266 2199 269 2207 ·
340 2182 513 2248 Germanos
536 2205 609 2248 vero
633 2182 767 2248 Caesares
791 2186 943 2267 perpetuo
973 2204 1186 2268 repugnasse,
1218 2205 1318 2267 neque
1340 2203 1387 2246 vo·
1437 2247 1438 2256 ,

252 2285 346 2352 luisse
368 2289 447 2352 illud
467 2288 674 2373 jurisjurandi
697 2288 858 2352 vinculum
881 2288 996 2364 subire,
1020 2292 1173 2371 tanquam
1195 2309 1264 2353 rem
1279 2308 1388 2365 novam,
1437 2323 1438 2360 2

819 2408 836 2446 :k

254 2493 434 2579 Subjection
459 2496 533 2562 oder
555 2498 763 2582 cigenthnmh
784 2502 823 2564 zu
845 2496 985 2582 begebcn
1008 2499 1148 2582 gemeint
1170 2500 1262 2576 sind,
1290 2498 1387 2563 sunder
1437 2537 1438 2572 3

254 2601 309 2664 das
338 2603 396 2665 wir
428 2603 477 2667 die
507 2603 678 2681 Oberkeit,
713 2624 746 2667 so
782 2603 881 2668 durch
905 2601 1016 2667 Gottes
1046 2602 1222 2688 fursehung
1251 2603 1315 2667 und
1342 2603 1387 2666 be·
1437 2643 1438 2678 ᾗ

254 2706 426 2792 schicknng
449 2731 490 2772 au
512 2729 572 2772 uns
595 2710 726 2794 gelangt
754 2709 814 2788 ist,
847 2707 907 2774 frei
929 2707 994 2773 und
1018 2707 1136 2772 radlich
1158 2709 1336 2793 gedenclren
1355 2709 1387 2770 nt
1425 2709 1438 2785 '1

253 2810 433 2888 brauchen,
468 2813 527 2876 wie
556 2835 669 2877 unsere
697 2811 825 2877 vorfarn
856 2835 913 2877 vor
943 2815 1072 2876 tausent
1104 2813 1168 2876 und
1202 2812 1292 2877 mehr
1309 2812 1386 2896 jarer
1437 2853 1438 2890 ᾗ

254 2914 373 3000 gethan
395 2916 509 2981 haben.

341 3020 391 3086 Da
413 3023 456 3086 ist
478 3023 532 3087 der
555 3024 667 3088 unwill
689 3025 834 3089 allererst
857 3023 946 3088 recht
968 3044 1156 3108 engeuger,
1191 3024 1231 3088 da
1263 3025 1319 3089 hat
1343 3023 1387 3086 der
1437 3065 1438 3074 η

256 3125 358 3210 Bapst
380 3127 429 3190 nit
451 3128 547 3192 allein
570 3130 637 3193 anff
658 3129 717 3193 den
740 3129 799 3194 Eid
822 3129 1018 3214 gedrnngen,
1045 3130 1159 3193 sunder
1181 3131 1262 3194 auch
1284 3151 1343 3194 was
1362 3148 1389 3190 er
1437 3181 1438 3186 ,

223 3233 227 3242 “
256 3232 316 3294 den
339 3231 490 3312 Keiseren
512 3217 568 3300 hat
591 3240 705 3318 mitgen
728 3238 766 3299 ad
790 3238 873 3299 trotz
895 3235 959 3297 und
982 3237 1140 3317 entgegen
1170 3233 1271 3312 thdn,
1307 3234 1388 3298 daran
1437 3274 1438 3310 ,

256 3335 312 3399 hat
334 3359 368 3400 er
392 3337 496 3402 nichts
523 3344 677 3424 gesparet.
724 3339 766 3403 Es
798 3340 900 3403 haben
924 3337 1036 3403 Keiser
1058 3338 1214 3402 Heinrich
1244 3340 1299 3402 der
1328 3337 1388 3410 drit

256 3440 367 3505 Keiser
382 3441 545 3507 Friderich
567 3445 622 3508 der
637 3448 712 3522 erst,
736 3445 801 3508 und
818 3445 872 3508 der
888 3443 978 3509 aweit
994 3443 1046 3508 des
1060 3465 1200 3521 namenS,
1225 3443 1388 3527 Hertzogen

256 3550 294 3610 zd
317 3545 506 3626 Schwaben,
538 3548 650 3614 Keiser
674 3549 846 3628 Heinrich,
870 3548 1010 3633 Hertzog
1032 3551 1070 3612 ud
1093 3547 1309 3634 Ldtzelburg,
1338 3542 1388 3609 und
1437 3568 1438 3626 ᾗ

257 3651 368 3715 Keiser
390 3651 532 3739 Ludwig,
551 3655 697 3739 Hertzog
720 3655 754 3718 in
771 3654 904 3719 Baieren
927 3655 988 3718 wol
1012 3652 1187 3730 versuchet
1211 3654 1272 3718 wie
1294 3668 1386 3734 osgar
1437 3693 1438 3728 3

257 3757 308 3821 ein
332 3758 427 3836 wild,
463 3760 703 3845 unverntinfftig
725 3761 790 3824 und
812 3759 1020 3824 undanckbar
1043 3757 1129 3821 thier
1151 3758 1194 3821 ist
1216 3759 1294 3822 umb
1315 3757 1387 3819 einen
1437 3803 1438 3830 ἶ

257 3861 343 3925 reich
364 3863 550 3947 gamachten
574 3866 684 3944 betler,
708 3866 811 3930 haben
831 3866 891 3930 wol
914 3885 1094 3940 vernorum,
1117 3863 1177 3926 wie
1192 3863 1262 3926 eine
1277 3860 1384 3948 gifftige
1437 3915 1438 3920 ,

259 3969 406 4053 schlang,
442 3970 487 4034 ire
518 3971 646 4035 vorfarn
670 3993 710 4035 an
733 3971 778 4034 im
803 3992 936 4056 erzogen
957 3969 1091 4046 hatten,
1126 3967 1166 4031 da
1189 3968 1234 4031 sie
1255 3967 1300 4031 im
1320 3965 1387 4028 einer
1437 4009 1438 4043 3

260 4096 333 4150 vor,
364 4076 419 4138 der
449 4076 546 4140 ander
578 4076 675 4154 nach,
709 4076 845 4139 imerdar
867 4084 963 4141 etwas
987 4071 1185 4138 nachliessen
1208 4072 1273 4135 und
1295 4069 1385 4134 schen·
1437 4123 1438 4147 3

259 4177 380 4243 cheten.
1437 4233 1438 4251 2

258 4283 323 4348 Das
345 4282 412 4348 sich
436 4307 478 4348 nn
502 4285 551 4354 die
573 4285 729 4351 Teutsche
751 4284 862 4351 Keiser
885 4284 1007 4348 allezeit
1030 4287 1188 4368 gewegert
1220 4281 1318 4346 haben
1339 4276 1384 4338 den

259 4389 319 4455 Eid
341 4393 380 4455 nii
401 4391 483 4486 thuin
507 4390 612 4476 (duell
635 4413 666 4456 er
690 4393 741 4456 ein
763 4391 922 4457 unerhtrt·
938 4389 1015 4474 ding
1037 4387 1117 4472 war)
1150 4387 1194 4451 ist
1224 4386 1319 4451 neben
1340 4399 1384 4444 nn·
1437 4431 1438 4457 ,
