2902 4996
603 367 663 430 153

64 550 91 609 et
103 543 182 610 datis
198 543 340 621 arbitris,
356 563 420 608 non
441 540 616 615 recusabas,
642 536 811 622 quominus
826 537 865 602 de
879 533 1201 622 religionis-doctrina

7 675 8 680 ¹
64 651 115 714 viri
136 650 241 727 docti,
265 649 354 733 pacis
376 652 408 712 et
430 646 546 732 quietis
569 643 704 729 publicae
726 641 869 718 studiosi,
893 641 1025 707 comiter
1047 645 1079 706 et
1101 641 1200 706 amice

8 751 9 758 '
63 755 223 838 aliquando
254 755 486 838 disceptarent,
522 758 559 820 ut
588 752 628 817 ab
660 750 737 835 ipsis
767 749 927 834 patefacta
950 751 999 814 via
1021 753 1053 814 et
1075 753 1201 814 ostensa

63 859 227 924 concordiae
249 861 333 925 ratio
351 860 442 944 jussu
461 863 494 923 et
508 857 700 923 auctoritaie
715 860 772 920 tua
787 855 1036 920 confirmaretur.
1066 853 1200 938 Aliquot

9 1016 10 1020 ,
62 963 161 1028 delude
184 967 260 1047 post
281 964 452 1040 mensibus,
475 983 532 1047 per
557 961 694 1027 Galliam
715 959 802 1026 iacto
825 959 956 1037 itincre,
980 959 1013 1024 iu
1037 959 1210 1045 Belgicam.

37 1072 136 1160 ‚tuum
171 1069 352 1148 revertisti,
388 1089 522 1153 cumque
544 1068 603 1132 sub
626 1072 716 1132 tuum
739 1067 909 1131 adventum
941 1064 1063 1148 aliquot
1085 1063 1200 1147 quietis

9 1167 10 1170 ’
61 1173 255 1256 impatientes
276 1174 420 1239 homines
443 1172 519 1237 belli
551 1171 651 1236 civilis
680 1191 737 1254 per
760 1169 963 1235 Germaniam
992 1167 1201 1236 fundamenta

10 1335 11 1338 ,
58 1278 215 1360 jecissent,
250 1299 286 1342 ae
317 1278 406 1342 illam
429 1281 523 1341 tuam
554 1297 624 1340 cum
650 1273 826 1340 Galliarum
856 1295 930 1360 rege
952 1273 1049 1338 talem
1072 1277 1200 1356 temque

59 1389 169 1448 arctam
194 1384 460 1448 consociationem
483 1381 544 1446 sibi
568 1401 692 1465 quoque
713 1379 856 1444 futurum
879 1378 990 1445 utilem
1006 1379 1199 1444 arbitraren-

11 1497 12 1501 ’
58 1492 109 1565 tur,
128 1489 261 1572 jamque
284 1489 509 1572 propemodum
532 1486 724 1551 insultarent
747 1484 894 1550 ferociter
916 1486 981 1548 suis
997 1482 1199 1548 adversariis:

59 1595 94 1670 tu,
117 1593 193 1658 fidei
217 1592 427 1678 promissique
450 1613 578 1670 memor,
603 1594 635 1655 et
650 1590 784 1654 fortusse
800 1589 981 1674 respiciens,
1006 1591 1199 1673 quantopere

618 1712 636 1751 s

58 1803 251 1866 etdonuant
272 1802 325 1867 des
354 1802 505 1880 arbitres,
540 1823 580 1866 ne
611 1799 721 1866 faisois
750 1801 834 1866 relus
858 1821 919 1886 que
941 1801 1046 1866 doctos
1068 1820 1198 1884 person·

57 1929 156 1990 nages,
180 1910 340 1972 amateurs
364 1907 401 1971 de
423 1909 455 1973 la
477 1906 551 1990 paix
575 1910 606 1969 et
629 1905 829 1989 tranquillite
851 1906 1013 1990 publique,
1036 1928 1075 1970 ue
1090 1905 1198 1989 dispu-

56 2015 167 2076 tassent
191 2011 436 2076 courtoisement
459 2015 491 2074 et
514 2010 739 2074 amiablement
761 2010 814 2074 des
845 2010 1011 2076 differens:
1042 2012 1106 2075 cfiu
1138 2031 1199 2094 quc

56 2114 80 2179 le
97 2137 213 2200 moyen
236 2116 273 2180 de
295 2115 368 2199 pcix
391 2119 424 2180 et
445 2114 596 2180 concorde
619 2137 677 2198 par
698 2135 758 2180 eux
780 2116 900 2193 trouve,
924 2116 992 2180 fust
1013 2116 1085 2199 puis
1107 2137 1198 2199 apres

56 2220 208 2285 conforme
229 2242 287 2303 par
310 2223 367 2284 ton
389 2219 663 2284 commendemeut
686 2226 718 2282 et
740 2219 907 2284 authorite.
939 2219 1096 2304 Quelques
1119 2220 1199 2300 mois

56 2346 136 2408 apres
160 2328 343 2388 traversant
366 2324 397 2388 la
411 2321 532 2388 Franco
555 2325 591 2388 tu
609 2323 679 2387 vius
702 2345 742 2387 cn
764 2328 821 2388 tou
844 2345 922 2410 pays
946 2324 1001 2389 bas
1024 2329 1057 2389 et
1080 2345 1200 2389 comme

56 2432 123 2494 tte
144 2451 246 2495 renue
269 2450 387 2493 aucuns
410 2428 580 2512 impatiens
603 2428 640 2492 de
662 2434 913 2513 repos'avoyeut
932 2432 1011 2514 jettd
1026 2432 1071 2494 les
1088 2430 1199 2495 fonde·

57 2554 135 2598 meus
158 2533 198 2598 de
221 2553 334 2617 guerre
356 2532 457 2608 civile,
480 2533 656 2614 projettans
677 2535 733 2596 ton
749 2533 881 2598 alliauee
896 2537 968 2598 taut
983 2534 1112 2599 estruite
1127 2555 1201 2598 avec

56 2637 81 2702 le
99 2639 168 2723 Roy
192 2637 230 2700 de
255 2637 373 2700 Franco
396 2636 502 2700 devoir
524 2636 624 2700 servir
647 2639 665 2698 “a
688 2637 758 2700 leur
779 2637 892 2719 profit,
917 2638 944 2701 si
967 2660 1027 2722 que
1050 2639 1135 2722 desja
1158 2639 1198 2704 ils

57 2743 245 2828 insultoyeut
268 2745 286 2805 ia
309 2743 393 2805 leurs
417 2740 559 2805 ennemis
582 2762 621 2804 eu
651 2744 740 2805 toute
770 2740 1004 2824 fe[99]lounie:
1037 2744 1102 2808 lors
1132 2767 1199 2809 me·
1263 2779 1264 2784 1

57 2847 178 2912 moratis
199 2846 236 2910 de
258 2845 291 2910 la
312 2845 367 2930 foy
390 2849 421 2908 et
435 2865 593 2929 promesse
611 2845 741 2924 donuee,
766 2849 798 2909 et
811 2851 888 2928 peut
902 2851 983 2914 estre
999 2849 1199 2915 considerant

614 2966 634 3030 'l

57 3053 184 3134 biertas',
209 3054 335 3139 parecia
357 3076 417 3137 que
440 3053 533 3118 aviau
557 3054 594 3120 de
616 3076 665 3118 ser
688 3075 783 3120 causa
805 3056 843 3119 de
865 3058 1001 3142 grandes
1025 3058 1196 3123 sediciones

55 3161 269 3242 palborotos:
299 3158 401 3224 embio
433 3162 574 3223 estouces
596 3162 723 3223 vuestra
745 3159 911 3245 Magestad
933 3162 1025 3241 sobre
1048 3163 1110 3227 ello
1132 3185 1197 3228 em·

56 3263 217 3329 baxadorcs
240 3264 332 3328 deade
354 3262 496 3346 Eepafra,
523 3284 588 3345 por
620 3263 668 3326 los
698 3263 806 3346 quales
842 3265 965 3330 declaro
1000 3288 1060 3350 que
1084 3289 1124 3331 uo
1148 3290 1198 3332 re·

56 3366 165 3434 husava
188 3391 249 3454 quc
271 3390 304 3432 se
322 3369 486 3452 juntasueu
511 3367 647 3433 arbitros
671 3369 708 3432 de
738 3390 801 3433 uua
832 3375 922 3452 perte
942 3395 966 3457 y
989 3371 1026 3436 de
1057 3377 1143 3451 utre,
1176 3389 1198 3458 y

58 3495 111 3555 que
131 3494 350 3561 comeupasseu
380 3471 527 3536 hombres
558 3473 665 3536 doctos
688 3473 846 3538 desseosos
869 3476 907 3539 de
930 3476 962 3539 la
985 3498 1042 3560 pau
1063 3502 1085 3563 y
1107 3481 1197 3542 tran·

58 3579 187 3660 quilidad
213 3578 339 3663 publica
360 3599 425 3640 una
447 3599 516 3650 vez,
551 3599 569 3640 a
591 3577 735 3659 disputar
765 3581 867 3642 cortes
890 3603 912 3664 y
933 3582 1199 3664 arnigahlemeute

58 3684 137 3748 sobre
158 3685 189 3748 la
211 3683 356 3748 doctrine
379 3683 417 3746 de
438 3682 471 3745 la
493 3681 661 3766 Religion,
693 3705 832 3766 peraque
863 3685 994 3768 despues
1018 3688 1055 3750 de
1077 3689 1199 3752 abicrto

58 3807 109 3868 por
128 3789 202 3852 ellos
225 3788 254 3852 el
277 3787 400 3852 camino
423 3810 444 3872 y
465 3787 625 3850 mostrado
648 3808 687 3850 en
711 3808 771 3870 qua
786 3809 819 3852 se
836 3790 909 3872 [16]
924 3791 1039 3874 podien
1056 3791 1196 3868 acordar,

59 3889 88 3954 la
114 3895 311 3958 confirmasse
341 3897 467 3957 vuestra
489 3891 656 3976 Magestad
691 3913 821 3956 consu
857 3896 1021 3960 antorided
1052 3919 1075 3979 y
1106 3918 1197 3960 mun·

60 3995 214 4064 damieuto.
246 3997 392 4085 Algunos
415 4017 514 4060 meses
537 3997 666 4079 despues
691 3997 847 4080 passando
863 4020 921 4082 por
939 3999 1079 4076 Francia,
1103 4004 1196 4064 torno

60 4100 221 4168 ellandeo
253 4107 381 4166 vuestra
402 4100 581 4186 Magestad:
611 4123 744 4186 ycomo
777 4125 815 4166 en
848 4105 972 4186 aquella
1003 4125 1096 4168 saron
1119 4127 1137 4168 a
1160 4126 1196 4168 su

60 4205 160 4270 venida
180 4208 314 4293 algunos
337 4207 483 4271 hombres
506 4207 666 4291 inquietos
681 4231 702 4292 y
718 4208 900 4272 bullioiosos
915 4209 1007 4272 aviau
1023 4231 1064 4293 ya
1079 4208 1196 4275 echedo

62 4327 107 4370 sus
126 4313 234 4376 ciertos
258 4312 482 4376 fundamentos
506 4311 543 4374 de
566 4333 681 4396 guerra
703 4311 776 4376 civil
799 4334 857 4395 por
873 4312 1048 4390 Alemauia,
1073 4335 1094 4396 y
1117 4335 1195 4396 pen-

63 4430 145 4478 savau
167 4439 226 4502 que
249 4416 374 4500 aquella
397 4422 453 4482 tan
475 4418 616 4490 estreoha
638 4418 802 4501 compafiia
825 4418 862 4482 do
885 4421 1009 4484 vuestra
1032 4416 1196 4503 Magestad
