2902 4996
818 328 879 388 114

267 497 369 565 Deum
391 497 614 573 immortalem,
638 501 776 579 quantus
801 496 845 560 ibi
866 495 1023 576 fremitus,
1052 502 1171 582 quanta
1194 500 1364 584 consurget
1382 498 1409 562 in

267 625 320 669 vos
345 603 508 667 hominum
532 601 720 686 indignatio.
754 602 814 666 Sed
831 623 895 666 non
919 602 965 666 ita
988 603 1069 667 serio
1091 601 1225 668 fortasse
1248 603 1409 669 concilium

266 710 397 795 urgetis,
421 711 458 770 ut
481 709 612 790 apparet
634 727 672 769 ex
696 706 752 769 illa
774 711 879 770 vestra
903 708 1136 771 consultatione
1150 707 1323 792 proposita.
1359 707 1411 786 Qui

266 819 372 902 potest
394 814 478 877 enim
501 832 565 874 uno
588 811 759 895 eodemque
782 817 925 895 tempore
947 816 980 875 et
1002 812 1071 896 cogi
1103 813 1273 876 concilium
1296 817 1328 877 et
1350 813 1409 878 bel-

266 922 333 985 lum
357 921 390 983 in
414 918 549 982 Turcam
572 915 712 999 suscipi?
757 914 882 979 Pariter
905 916 967 979 ista
989 917 1058 980 lieri
1082 938 1146 980 non
1179 921 1329 1000 possunt,
1365 939 1411 1001 per

267 1023 435 1089 intervalla
468 1023 639 1105 poterunt,
675 1019 734 1092 hoc
763 1018 824 1102 ipsi
843 1035 918 1083 ¹nou
943 1020 1118 1104 ignoratis,
1154 1022 1274 1106 alioqui
1296 1023 1412 1088 nullam

267 1130 363 1195 eratis
385 1127 501 1204 facturi
523 1123 725 1200 mentionem.
760 1122 906 1187 Graviter
925 1123 988 1187 fuit
1011 1127 1231 1209 interpellatus
1254 1127 1317 1192 Leo
1340 1150 1413 1211 pon-

267 1236 346 1300 tifex
362 1235 400 1298 de
414 1232 558 1307 concilio,
581 1229 634 1293 sed
651 1233 720 1292 tum
736 1228 931 1293 novamfuit
947 1230 1128 1313 auspicatus
1147 1229 1202 1294 illc
1218 1232 1410 1316 tragmdiam,

267 1341 355 1424 cujus
378 1359 474 1422 quam
496 1336 539 1399 sit
561 1334 723 1398 luctuosus
746 1338 778 1398 et
799 1333 945 1399 funestus
969 1337 1081 1413 exitus,
1104 1337 1201 1400 etiam
1223 1337 1318 1402 hodie
1341 1339 1411 1402 satis

268 1445 456 1530 experimur.
503 1441 662 1504 Adrianus
685 1440 851 1504 videbatur
881 1462 946 1504 esse
976 1441 1070 1524 paulo
1100 1441 1289 1524 simplicior,
1324 1461 1412 1526 quam

267 1545 323 1634 qui
345 1549 458 1612 vestris
481 1546 621 1610 moribus
653 1547 852 1623 conveniret3
889 1547 1064 1630 cujusmodi
1097 1538 1199 1612 etiam
1225 1549 1323 1614 fuerit
1356 1551 1413 1634 ejus

268 1656 426 1732 interitus,
450 1673 513 1715 non
538 1652 676 1716 nescitis.
716 1652 778 1728 Qui
800 1652 948 1716 successit
969 1652 1043 1717 huic
1063 1650 1067 1739 Ι
1088 1653 1233 1717 Clemens
1257 1677 1351 1740 papa,
1373 1654 1411 1718 sic

269 1762 337 1848 egit
359 1763 390 1824 et
414 1759 494 1822 vixit
516 1761 585 1821 toto
610 1757 658 1820 sui
682 1757 887 1840 pontificatus
907 1761 1058 1841 tempore,
1082 1762 1117 1821 ut
1134 1759 1188 1841 qui
1203 1758 1412 1824 innocentiam

269 1867 334 1949 ejus
357 1864 434 1927 velit
449 1863 631 1926 hominibus
647 1862 831 1946 approbare,
856 1863 936 1928 nihil
953 1864 1038 1927 aliud
1054 1868 1139 1947 agat,
1164 1887 1260 1947 quam
1275 1868 1313 1929 ut
1326 1865 1413 1929 fidem

269 1973 303 2036 in
326 1971 418 2035 rebus
442 1969 512 2032 aliis
536 1967 773 2051 omnibus'ipse
796 1968 858 2031 sibi
885 1970 1023 2054 deroget.
1063 1967 1156 2033 Paene
1179 1970 1339 2034 exciderat
1361 1969 1412 2034 Ju-

269 2078 330 2141 lius
354 2075 407 2138 ille
431 2075 667 2148 sacrosanctum

269 2205 340 2248 cum
363 2179 528 2264 impetrari
551 2200 616 2242 non
639 2182 745 2262 posset
768 2178 808 2268 ab
831 2199 867 2242 co
888 2178 1066 2258 concilium,
1089 2179 1228 2264 adeoque
1242 2178 1415 2244 monarcha

837 2301 855 2340 s

268 2385 395 2456 mdssen
418 2388 582 2468 zulassen,
617 2391 692 2454 umb
715 2389 849 2454 welcher
873 2389 1036 2454 Artickeln
1061 2390 1186 2465 willen,
1221 2389 1269 2468 ir,
1303 2411 1337 2454 so
1360 2387 1413 2452 viel

221 2492 224 2497 ’
268 2500 385 2560 liomer
408 2494 635 2578 unschuldiger
657 2497 733 2572 leut,
757 2495 818 2559 ietz
836 2495 1012 2577 etlichejar
1028 2494 1160 2580 vertilgt
1175 2493 1304 2558 habent.
1344 2493 1415 2558 Was

269 2622 410 2687 grosser,
445 2595 670 2663 erbtrmlicher
701 2600 897 2684 anclagung,
930 2601 1027 2663 wirdt
1058 2600 1127 2664 sich
1155 2600 1294 2664 daselbst
1324 2597 1414 2662 wider

268 2706 347 2772 euch
371 2705 444 2789 (wie
467 2705 591 2788 billich)
616 2705 809 2789 erheben?†
854 2703 886 2770 Ir
910 2707 1024 2770 werdts
1055 2706 1129 2769 aber
1159 2705 1219 2768 mit
1241 2704 1313 2769 dem
1337 2703 1413 2767 (lon-

268 2812 352 2888 cilio,
376 2812 416 2876 ob
440 2811 502 2875 Got
525 2811 606 2888 will,
643 2811 693 2873 nit
715 2833 750 2874 so
773 2810 926 2875 ernstlich
949 2811 1095 2888 melnen,
1129 2810 1175 2874 als
1206 2810 1338 2875 nauch
1361 2831 1412 2872 an·

268 2920 414 2994 nement,
447 2917 506 2980 πίε
537 2917 621 2979 dann
652 2939 707 2980 aus
732 2938 844 2980 ewerrn
870 2917 1033 3001 gegcbnen
1057 2915 1241 3000 radtsehlag
1263 2919 1302 2980 nd
1326 2913 1415 2978 sehen

267 3023 319 3086 ist.
366 3019 459 3085 Danu
484 3021 542 3084 πίε
565 3021 622 3084 ists
646 3022 800 3106 mdglich,
834 3026 872 3086 nd
900 3023 988 3086 einer
1020 3022 1081 3086 neit
1103 3021 1158 3083 daus
1182 3019 1361 3085 Concilium
1382 3020 1416 3082 nl

269 3127 387 3204 halten,
411 3126 476 3188 und
498 3147 600 3210 gegen
624 3127 684 3190 den
708 3127 854 3191 Tiircken
876 3131 914 3191 ml
937 3127 1060 3203 ziehcn,
1092 3126 1151 3190 πίε
1174 3126 1202 3188 ir
1225 3120 1414 3210 fdrgebent?

267 3231 310 3295 Es
333 3235 403 3296 mlle
426 3252 465 3315 γε
487 3230 554 3294 eins
578 3253 643 3310 vor,
668 3233 722 3296 das
744 3233 841 3296 ander
857 3231 939 3296 nach
954 3231 1139 3308 beschehen,
1163 3229 1335 3314 samptlich
1359 3229 1416 3291 kan

268 3360 301 3401 es
323 3338 375 3400 nit
397 3337 485 3414 sein,
520 3337 574 3400 das
603 3337 733 3402 wissent
756 3338 784 3402 ir
808 3338 887 3415 ποί,
924 3342 1013 3402 sonst
1036 3331 1179 3402 wdrdent
1202 3337 1230 3398 ir
1252 3335 1313 3399 ποί
1336 3330 1415 3397 still·

268 3443 454 3526 schweigen.
482 3442 570 3506 Beim
582 3443 687 3507 Leone
703 3443 759 3507 hat
775 3465 848 3508 man
864 3445 996 3508 danlmb
1007 3439 1191 3528 angcsdcht,
1205 3435 1280 3504 aber'
1292 3459 1325 3502 er
1335 3437 1417 3518 fieng

266 3549 319 3611 ein
343 3549 440 3612 ander
462 3547 524 3630 spil
555 3571 618 3625 an,
653 3549 708 3612 das
737 3549 802 3613 seid
827 3548 884 3613 her
907 3549 951 3613 vil
974 3552 1102 3612 teusent
1123 3543 1294 3610 menschen
1315 3541 1416 3606 kostel

268 3654 345 3731 hat,
379 3653 444 3716 und
477 3654 558 3716 noch
592 3655 642 3717 nit
664 3655 863 3740 andgespilet
886 3655 936 3718 ist.
985 3653 1049 3718 Der
1073 3650 1232 3715 Adrianus
1255 3671 1320 3714 war
1343 3645 1417 3711 cuch

267 3761 305 3822 ad
329 3757 484 3842 einfeltig,
507 3759 537 3821 ir
559 3765 690 3844 mdgent
712 3761 835 3837 wissen,
865 3759 924 3823 wie
946 3781 980 3824 er
1002 3759 1069 3822 sein
1094 3756 1153 3820 end
1177 3774 1330 3840 genomen
1354 3750 1415 3814 hat.

267 3862 436 3946 Dergleich
461 3865 539 3926 nach
563 3863 608 3927 irn
631 3865 745 3929 hornen
768 3866 820 3945 ist,
847 3887 909 3929 wer
933 3866 1024 3929 wolts
1048 3862 1188 3949 gemeint
1209 3860 1330 3936 haben,
1365 3856 1418 3918 bc-

268 3971 371 4052 gercts
395 3967 549 4048 hdchlich,
573 3971 638 4033 und
660 3971 783 4034 mochts
806 3972 856 4034 nit
879 3970 1031 4036 erhalten.
1068 3969 1140 4034 Uud
1165 3964 1287 4030 diewcil
1308 3961 1414 4047 yeder·

267 4094 340 4135 man
364 4072 487 4173 kundig
511 4073 563 4150 ist,
588 4075 646 4140 πίε
670 4098 702 4139 er
726 4076 805 4140 haus
828 4075 977 4161 gehalten
1001 4076 1066 4153 hat,
1091 4073 1187 4138 darffs
1211 4069 1318 4134 keincr
1341 4065 1412 4132 wai-

266 4181 338 4241 tern
362 4178 520 4264 erzdlung.
568 4179 624 4245 Ich
647 4181 737 4246 hune
760 4181 845 4246 schir
868 4203 1052 4268 vergessen,
1083 4199 1145 4244 von
1169 4175 1273 4255 Julio,
1306 4169 1416 4236 nechst

268 4304 325 4346 vor
347 4282 417 4346 dem
438 4283 553 4364 Leone,
576 4289 617 4350 zu
640 4308 747 4370 sager.

354 4388 447 4456 Nach
469 4390 537 4456 dem
561 4413 637 4456 man
660 4394 753 4478 lange
776 4393 854 4471 neit,
877 4391 1078 4478 vergchlich,
1101 4391 1153 4456 bei
1176 4392 1237 4471 im,
1261 4389 1311 4453 des
1334 4381 1417 4448 Gon·
