2902 4996
800 319 861 396 186

252 488 443 558 thesaurus:¹
466 491 618 578 largitum
648 513 714 556 esse
736 491 837 558 Deum
861 489 1004 576 pontifici
1027 493 1094 556 tarn
1116 489 1281 574 profanam
1302 509 1386 570 quan

252 595 493 662 ecclesiasticum
516 601 722 680 potestatem,
754 599 810 664 ubi
837 591 980 682 loquitur
1001 597 1041 664 ad
1064 596 1194 662 Petrum
1218 596 1255 660 de
1278 595 1385 660 duobus

252 699 377 784 gladiis,
408 700 497 768 Tunc
513 706 545 768 et
560 702 639 768 illud
661 704 818 768 sancitum
842 703 903 769 fuit
926 706 1021 786 atque
1044 701 1202 768 memoriae
1224 701 1382 784 proditum,

252 804 434 888 pontificem
457 829 524 882 esso
546 829 612 874 nou
633 809 760 892 imperii
783 812 919 890 tantum,
943 808 997 874 sed
1019 811 1052 872 et
1074 807 1173 872 totius
1195 803 1282 870 orbis
1297 804 1386 870 domi·

252 929 339 986 num,
363 913 394 976 et
417 933 506 996 reges
527 934 637 980 omnes
659 915 770 980 debere
794 913 898 998 ipsum
920 912 1020 977 veluti
1041 933 1225 995 supremum
1247 911 1281 974 in
1305 910 1386 974 terris

253 1016 476 1102 magistratum
506 1039 684 1103 agnoscere.
731 1019 970 1104 Testimonium
992 1017 1192 1098 adserebatur
1216 1037 1233 1098 e
1255 1014 1385 1097 psalmis,

252 1120 308 1184 ubi
329 1119 486 1206 propheta
507 1124 613 1207 regius
635 1124 690 1202 eit,
714 1124 844 1190 Domini
876 1145 942 1188 esse
973 1127 1077 1187 totum
1100 1125 1257 1186 terrarum
1280 1119 1384 1197 orbem,

254 1246 316 1310 quo
339 1226 465 1308 quidem
488 1249 527 1292 ex
547 1227 616 1294 loco
640 1229 749 1294 dicunt
771 1229 867 1296 talem
885 1228 954 1312 fieri
968 1227 1205 1312 syllogismum:
1229 1226 1257 1290 si
1273 1225 1387 1290 Domini

254 1331 302 1392 est
324 1333 418 1408 terre,
442 1353 516 1418 ergo
538 1333 633 1398 etiarn
656 1338 705 1400 est
727 1336 803 1418 ejus,
827 1335 883 1420 qui
904 1334 1005 1398 vicem
1027 1333 1111 1419 gerit
1134 1331 1274 1396 Domini.

254 1433 307 1502 Ita
328 1437 426 1502 crevit
449 1437 589 1525 ipsorum
611 1439 742 1509 audacia
764 1440 943 1506 mirandum
966 1439 1002 1502 in
1023 1437 1161 1502 modum.
1199 1436 1315 1522 Liquet
1336 1436 1386 1518 igi·

253 1542 308 1604 tur
327 1563 365 1604 ex
381 1540 443 1620 his,
464 1564 534 1627 quae
550 1545 683 1610 recitata
697 1550 784 1624 sunt·
802 1545 1024 1630 jusjurandum
1039 1543 1120 1608 illud
1134 1543 1295 1620 sollemne,
1318 1541 1387 1625 quod
1435 1607 1436 1610 ,

254 1667 340 1712 nunc
373 1646 405 1712 iu
440 1651 697 1716 consuetudinem
731 1651 937 1718 necessariam
971 1671 1007 1716 ac
1038 1669 1138 1735 prope
1171 1650 1388 1712 sacrosanctam

255 1750 353 1830 abiit,
377 1749 556 1818 stabilitum
578 1777 646 1820 esse
666 1756 805 1840 primum
828 1757 868 1820 ab
890 1754 1021 1820 Henrici
1044 1752 1174 1820 Oaesaris
1196 1751 1387 1837 temporibus,
1435 1735 1436 1762 ³

257 1857 312 1942 qui
334 1878 452 1942 magna
474 1860 676 1926 contentione
699 1861 915 1948 repugnabat,
946 1880 1048 1944 neque
1075 1857 1202 1924 frenum
1228 1857 1311 1922 istud
1331 1855 1389 1939 pati

255 1961 357 2028 voluit
378 1961 439 2026 sibi
461 1963 558 2048 injici.

345 2064 432 2132 Num
455 2089 528 2134 vero
551 2071 652 2154 majus
682 2075 739 2138 aut
771 2071 927 2138 illustrius
959 2070 1149 2154 requirimus
1183 2071 1200 2153 t¹
1233 2064 1389 2132 timonium

257 2193 352 2256 quam
376 2172 465 2252 illud,
489 2176 572 2260 quod
593 2180 668 2262 post
690 2177 821 2248 Henrici
844 2177 974 2244 Caesaris
996 2177 1131 2240 mortem
1153 2173 1292 2238 accidit?
1323 2169 1390 2234 llrat

821 2333 839 2373 ¹l⁸

260 2453 355 2538 [122]
375 2451 673 2520 Demandous-nous
689 2456 906 2542 tesmoignage
921 2456 993 2540 plus
1009 2455 1110 2542 grand
1125 2477 1166 2518 ou
1181 2454 1253 2536 plus
1269 2451 1391 2524 eridani,

258 2579 319 2646 que
342 2559 431 2644 celuy
455 2557 508 2643 qui
543 2559 633 2624 evint
662 2582 753 2643 apres
785 2561 814 2624 le
843 2565 965 2644 trespes
994 2559 1030 2622 de
1053 2557 1250 2644 l'Empereur
1272 2556 1392 2639 Heury?

823 2715 841 2755 *
1151 2735 1157 2746 ·

259 2838 423 2922 [46].Μεε
447 2859 507 2921 que
529 2859 681 2924 mayor·y
704 2861 771 2902 ruas
794 2837 906 2902 ilustre
928 2831 1111 2900 testimonio
1135 2857 1300 2918 queremus
1328 2853 1392 2914 para

258 2946 327 3008 astu
349 2965 410 3027 que
431 2944 463 3008 lo
487 2965 548 3027 que
569 2944 690 3008 acaecio
713 2942 846 3028 d‘espues
868 2943 905 3006 de
927 2943 959 3005 la
981 2945 1103 3006 muerte
1125 2941 1212 3004 deste
1226 2936 1391 3004 Henrricol
1436 2933 1437 2970 ³

823 3099 841 3139 ¹l⁸

260 3224 377 3309 geben,
408 3224 472 3288 und
496 3225 659 3308 adgeeiget
680 3225 754 3301 hat,
791 3224 831 3288 de
853 3245 888 3287 er
909 3226 981 3308 segt
1003 3224 1043 3286 ud
1065 3219 1096 3286 S.
1121 3218 1233 3296 Peter,
1265 3218 1308 3284 Es
1327 3234 1393 3281 uere

258 3332 348 3414 gurg
370 3329 430 3395 mit
451 3329 566 3395 zweien
587 3328 772 3396 schoerten.
818 3327 868 3392 Da
890 3327 994 3392 warde
1029 3324 1228 3390 boschlossen
1261 3324 1322 3388 und
1347 3341 1392 3404 ge-

259 3437 378 3518 nennt,
414 3434 469 3500 das
503 3455 537 3498 er
571 3434 623 3498 des
656 3431 897 3498 Keiserthumbs
928 3431 993 3498 und
1020 3430 1074 3494 der
1097 3432 1235 3514 gantzen
1259 3429 1331 3494 well
1350 3424 1391 3488 ein

260 3538 335 3608 herr
355 3539 408 3616 ist,
431 3539 497 3604 und
512 3539 566 3602 das
582 3538 643 3604 alle
658 3537 858 3613 Potentaten
883 3536 938 3600 das
961 3535 1053 3600 leheu
1076 3556 1138 3600 von
1162 3535 1206 3596 im
1229 3531 1391 3617 empfahen

260 3644 342 3710 nach
363 3644 542 3730 anzeiguug
564 3643 616 3708 des
639 3641 770 3725 spruohs
793 3641 838 3706 im
858 3639 991 3716 Psalter,
1016 3639 1073 3704 Die
1096 3639 1169 3702 erde
1191 3638 1235 3700 ist
1258 3638 1309 3700 des
1324 3634 1392 3698 Her-

259 3769 326 3817 ren
364 3747 405 3814 so
427 3748 472 3814 sie
494 3749 578 3812 donn
601 3747 655 3810 des
679 3746 800 3812 Herren
825 3746 876 3823 ist,
899 3745 1013 3830 gehdrt
1036 3745 1082 3808 sie
1104 3744 1185 3810 auch
1208 3744 1324 3808 seiuem
1344 3735 1391 3799 Vi·

260 3853 366 3920 carica
388 3852 453 3916 und
475 3851 643 3918 stathalter
665 3855 712 3927 ad,
738 3855 797 3915 etc.

351 3956 480 4023 Solcher
512 3957 631 4042 gestalt
663 3955 767 4020 haben
800 3953 869 4018 sich
902 3953 952 4020 die
982 3950 1097 4018 sachen
1127 3951 1172 4016 im
1204 3950 1314 4014 Keiser
1340 3939 1392 4008 und

261 4063 460 4149 Bepsthurnb
474 4065 676 4148 zhgetrngen.
714 4059 836 4124 Danaus
860 4058 944 4124 dann
968 4055 1103 4123 klarlich
1125 4077 1178 4120 em
1201 4059 1258 4138 teg
1279 4054 1328 4126 ist,
1349 4048 1392 4110 das

262 4171 318 4240 der¹
336 4169 405 4249 Eid,
430 4168 489 4231 wie
511 4189 544 4231 er
566 4166 694 4250 heutigs
717 4168 788 4248 tags
811 4165 853 4229 im
879 4163 997 4230 brauch
1021 4162 1064 4226 ist
1087 4163 1151 4227 und
1174 4160 1294 4246 gethan
1315 4149 1390 4224 utra,

262 4275 379 4340 neither
402 4273 596 4359 obgemelter
611 4271 723 4338 Keiser
737 4268 902 4346 Heinrich,
927 4268 982 4334 der
1005 4267 1230 4332 desselbenzu
1245 4264 1323 4339 than
1336 4254 1390 4322 sich

261 4381 391 4466 wegert,
412 4377 471 4444 wia
485 4375 661 4474 obgemelt,
684 4375 867 4444 auffkomen
888 4373 942 4438 ist.
