2902 4996
578 313 638 380 147

49 485 184 556 tiriaca
205 486 375 565 sententia,
400 487 510 552 statim
532 490 642 552 exorte
664 492 740 553 sunt
762 489 855 567 belle,
879 490 994 573 quibus
1017 491 1063 558 ite
1080 493 1180 573 fuisti,

48 590 145 669 Cesar,
168 591 349 676 impeditus,
380 596 416 656 ut
437 592 512 656 huic
534 613 634 657 causae
659 595 810 677 temporis
834 599 865 659 ct
887 595 944 659 otii
967 597 1045 660 satis
1069 599 1107 662 ad
1132 599 1181 662 in-

47 700 227 760 crementum
249 701 433 779 superesset.
480 695 556 771 Quae
578 697 707 780 quidem
732 698 815 764 bella
837 699 969 783 gerebas
992 705 1103 766 contre
1125 723 1182 786 po·

48 801 246 864 tectissimum
269 799 393 866 hostem
416 822 472 884 per
494 823 594 866 annos
627 823 755 882 novem,
788 825 881 886 quem
904 805 932 868 si
954 809 1102 888 pacatum
1126 807 1183 870 ha·

2 953 3 958 1
47 905 174 983 buisseS,
208 905 301 972 facile
323 911 449 989 poteras
480 911 512 970 st
543 911 599 972 tuo
633 911 664 971 et
697 907 872 990 pontificis,
908 931 1002 993 quem
1033 910 1183 988 tuebaris,

47 1010 188 1076 desiderio
210 1010 400 1076 satisfacere.
446 1009 532 1076 Nam
556 1012 737 1100 meminisse
759 1016 870 1095 potes,
906 1019 1001 1097 atque
1034 1014 1187 1079 memoria

1 1136 3 1194 ξ
48 1119 195 1198 repetere,
230 1115 257 1180 si
281 1114 406 1178 nullum
429 1114 651 1180 intervenisset
673 1117 775 1200 majus
798 1116 1019 1195 obstaculum,
1054 1140 1096 1182 an
1120 1139 1182 1182 nun

1 1223 3 1317 1ζ
47 1220 128 1286 fueris
152 1223 224 1306 ipsu
246 1243 294 1299 re,
319 1219 402 1303 quod
425 1219 529 1284 verbis
552 1225 647 1290 antea
669 1221 804 1302 fecerun,
836 1222 1070 1300 declaraturus,
1105 1244 1186 1307 prae·

2 1319 3 1374 l
48 1327 142 1390 sertim
168 1347 241 1392 cum
264 1325 297 1388 id
325 1324 477 1407 temporis
505 1345 562 1407 per
591 1329 718 1390 oetatem
748 1347 811 1390 non
848 1346 952 1409 posses
985 1327 1030 1390 rei
1061 1328 1186 1413 magni·

48 1430 178 1494 tudinem
201 1430 364 1514 pervidere
387 1433 498 1504 totam,
522 1434 555 1490 et
577 1427 617 1490 ab
640 1449 750 1492 eorum
773 1429 924 1510 penderes
947 1430 1101 1508 consilio,
1130 1431 1186 1514 qui

2 1579 3 1636 p
48 1534 213 1598 doctrinam
236 1534 318 1599 hanc
341 1534 474 1599 oderant
496 1532 710 1597 infestissime.
744 1531 834 1598 (lertc
855 1533 997 1617 plerique
1019 1557 1127 1622 omnes
1151 1537 1184 1598 in

48 1645 169 1704 essunt
192 1638 373 1714 sententia,
408 1641 440 1702 te
469 1659 533 1703 non
557 1637 653 1702 fuisse
676 1636 858 1702 defuturum
881 1640 1093 1722 expectationi
1115 1641 1187 1723 pln-

48 1741 272 1820 rimorum,t
241 1748 272 1806 et
294 1742 451 1826 pontificii
474 1764 583 1806 omnes
606 1763 661 1827 per
685 1741 908 1821 Germaniam,
941 1751 1018 1826 quot
1005 1745 1063 1832 ties
1087 1744 1187 1808 infcr-

49 1848 128 1912 unia
150 1870 209 1912 sua
224 1847 402 1931 deplorant,
426 1847 542 1911 diserte
558 1847 779 1931 pronuntiant,
804 1869 852 1912 res
872 1869 935 1913 non
951 1848 1048 1912 fuisse
1063 1871 1188 1914 casuras

2 1935 3 2036 l
49 1951 75 2014 in
95 1974 176 2030 eum,
201 1973 265 2036 quo
288 1973 372 2016 nunc
394 1957 485 2030 sunt,
456 1951 630 2028 t,locum
654 1953 681 2016 si
705 1973 768 2016 non
792 1952 938 2016 maximis
961 1953 1027 2036 ipse
1051 1953 1188 2038 negotiis

50 2057 371 2122 etinextricabilibus
394 2057 505 2120 fuisses
529 2057 719 2140 implicatus.

2 2140 5 2212 ¹,
124 2156 283 2227 Constt
209 2166 283 2226 tant
285 2183 334 2224 em
358 2182 482 2244 quoque
505 2164 536 2225 te
558 2160 689 2226 fuisse
680 2183 714 2224 111
736 2159 795 2224 hac
819 2160 991 2238 voluntale,
1020 2160 1069 2223 vel
1092 2181 1130 2224 ex
1152 2180 1188 2223 eo

50 2273 90 2330 sa
91 2290 116 2330 rs
138 2270 292 2351 apparet,
327 2265 411 2349 quod
441 2265 534 2330 annis
565 2266 705 2349 quinque
734 2268 807 2347 post
829 2264 909 2328 illud
933 2269 1024 2328 tuum
1049 2264 1189 2348 primunr

50 2372 185 2450 edictum,
210 2371 245 2434 in
268 2393 305 2434 ea
326 2370 554 2453 pacificatione,
579 2391 672 2452 qnam
691 2369 739 2450 [M
750 2368 812 2451 iiij]
833 2390 904 2433 cum
922 2367 1099 2433 Galliarum
1116 2389 1190 2454 rege

608 2492 625 2531 a

126 2581 168 2646 Es
190 2581 277 2646 ward
294 2580 329 2644 Ε
348 2579 390 2646 M
413 2581 473 2645 mit
495 2580 604 2663 kriegs
627 2578 692 2644 und
714 2579 850 2642 anderen
874 2576 1191 2662 widerwertiglreiten

51 2684 219 2750 dermassen
243 2684 385 2761 beladen,
409 2684 464 2748 das
488 2684 664 2769 obgemclte
688 2682 760 2759 lere,
785 2683 819 2746 in
843 2682 948 2746 mitler
964 2681 1034 2758 neit,
1058 2682 1190 2746 rhaums

51 2790 106 2852 und
127 2790 238 2856 weilen
262 2792 352 2874 gndg
374 2789 463 2852 hatte
483 2788 551 2852 sich
575 2787 810 2864 ansndbreiten,
842 2785 976 2851 welcher
996 2786 1088 2871 krieg
1108 2788 1190 2852 auch

53 2893 93 2957 bis
114 2895 162 2958 ins
184 2894 309 2958 neunde
327 2893 378 2975 jur
401 2891 561 2977 gcwehret
583 2891 649 2968 hat,
672 2892 751 2956 eben
774 2911 877 2977 gegen
892 2891 1005 2968 einem,
1029 2891 1085 2954 der
1099 2896 1191 2956 suust

52 2995 82 3062 Ε.
103 2999 145 3064 M.
168 3020 227 3083 gar
250 2995 391 3061 nctzlich
413 2996 478 3060 und
500 2994 667 3059 behilflich
690 2996 746 3058 het
768 2995 835 3059 sein
866 3001 999 3080 mtgen,
1032 2995 1102 3058 dem
1132 3016 1188 3078 ge-

53 3104 185 3186 gebenen
207 3102 303 3165 urteil
325 3100 462 3165 th‘dtlich
493 3099 738 3163 nachznkomen.
785 3097 876 3162 Denn
900 3098 935 3162 Ε.
961 3098 1003 3161 Μ.
1035 3097 1093 3162 hut
1124 3099 1193 3164 sich

54 3210 87 3270 nd
107 3209 280 3283 erinneren,
304 3227 352 3268 wc
374 3205 528 3288 gemelter
543 3203 633 3287 krieg
649 3205 699 3266 nit
714 3189 919 3289 vorgefallen,
941 3203 1007 3266 und
1022 3203 1078 3266 das
1094 3201 1130 3268 Ε.
1149 3203 1193 3268 Μ.

55 3316 135 3376 scnst
155 3311 233 3377 aller
264 3311 467 3395 obliegender
495 3307 691 3393 geschdfften
722 3303 903 3371 dberhaben
938 3329 1080 3391 gewesen
1105 3331 1195 3385 were,

55 3416 90 3478 cb
111 3417 151 3480 sie
174 3417 233 3495 nit,
258 3417 305 3480 als
328 3415 378 3478 die
401 3413 543 3478 danumal
567 3413 600 3480 iu
616 3413 679 3476 irer
692 3415 808 3497 jugcnt
824 3413 877 3476 der
894 3410 1009 3476 eschen
1026 3412 1196 3477 unbericht

56 3542 129 3600 war,
159 3523 224 3587 und
247 3521 377 3586 vileicht
404 3517 522 3583 meindt
544 3519 615 3581 dem
638 3517 760 3580 Herrcn
785 3516 836 3580 ein
859 3515 1013 3633 gefallens
1037 3517 1134 3582 daran
1158 3521 1196 3582 nd

6 3679 7 3684 ,
58 3624 138 3705 thnn,
161 3628 215 3691 das
238 3625 333 3689 urteil
358 3625 411 3688 het
397 3629 444 3688 tte
468 3622 579 3686 wdllen
605 3622 710 3686 volnst
711 3622 848 3684 reclren'?
886 3621 929 3684 Es
954 3622 1057 3703 wint]
1051 3621 1197 3684 'sdavor

59 3729 203 3810 gchult,en
227 3752 260 3795 es
282 3728 447 3806 wdrdell.
469 3727 511 3794 M
538 3727 587 3790 nit
610 3726 729 3810 geislet
715 3726 866 3803 th,eben
890 3727 953 3790 und
978 3643 1057 3789 ebed
1079 3724 1138 3802 die,
1162 3747 1197 3789 so

15 3823 20 3832 ’
59 3833 106 3898 des
125 3836 259 3902 nachteil
283 3836 348 3898 und
372 3834 508 3898 schadsu
532 3837 645 3916 mdgen
678 3832 801 3907 haben,
835 3831 984 3915 beclsgen
1019 3828 1102 3891 sichs
1132 3827 1197 3891 und

60 3941 216 4020 sprechcn,
254 3961 285 4003 es
309 3940 414 4004 wlirdc
439 3939 487 4001 nit
509 3937 619 4000 stehen
645 3937 702 4001 wie
725 3958 757 4000 es
781 3937 841 4000 icta
864 3934 987 4011 stt‚ehe
1021 3930 1127 3997 well
1153 3932 1196 3996 M.

61 4051 137 4109 sonst
159 4046 218 4110 mit
204 4045 379 4110 strideren
403 4041 557 4128 geschellt
558 4064 596 4106 en
621 4042 671 4104 nit
693 4063 774 4104 were
798 4041 930 4104 beladen
954 4059 1108 4122 gewcsen

137 4149 199 4214 Das
223 4149 304 4213 auch
327 4147 362 4210 Ε.
388 4147 463 4211 M.
454 4170 488 4210 rn
512 4147 650 4210 sclchem
676 4167 844 4210 vernemen
868 4143 1033 4217 behnrret,
1062 4142 1103 4204 ist
1125 4140 1197 4204 der-

63 4273 111 4318 aus
129 4255 288 4322 leichtlich
311 4255 525 4330 abzdnemen,
560 4254 614 4316 das
646 4251 688 4314 im
721 4257 825 4314 ersten
856 4254 1003 4330 vertrag,
1026 4265 1070 4320 ‚so
1095 4243 1129 4306 Ε.
1154 4243 1197 4306 M.

67 4359 118 4421 mit
138 4361 203 4425 dem
227 4360 337 4445 Kcnig
359 4381 414 4422 aus
442 4356 652 4422 Franckreich
675 4353 913 4440 auffgerichtet,
945 4350 1022 4486 ebpn
1047 4347 1132 4410 funff
1148 4348 1200 4430 jar

937 4455 969 4509 10
