<?xml version="1.0" encoding="UTF-8"?>
<!DOCTYPE html PUBLIC "-//W3C//DTD XHTML 1.0 Transitional//EN"
    "http://www.w3.org/TR/xhtml1/DTD/xhtml1-transitional.dtd">
<html xmlns="http://www.w3.org/1999/xhtml" xml:lang="en" lang="en">
 <head>
  <title>
</title>
<meta http-equiv="Content-Type" content="text/html;charset=utf-8" />
  <meta name='ocr-system' content='tesseract 3.04.00' />
  <meta name='ocr-capabilities' content='ocr_page ocr_carea ocr_par ocr_line ocrx_word'/>
</head>
<body>
  <div class='ocr_page' id='page_1' title='image "./zweiredenankais00bhgoog/zweiredenankais00bhgoog_0239.png"; bbox 0 0 2930 4998; ppageno 0'>
   <div class='ocr_carea' id='block_1_1' title="bbox 599 353 662 420">
    <p class='ocr_par' dir='ltr' id='par_1_1' title="bbox 599 353 662 420">
     <span class='ocr_line' id='line_1_1' title="bbox 599 353 662 420; baseline -0.032 0"><span class='ocrx_word' id='word_1_1' title='bbox 599 353 662 420; x_wconf 75' lang='lat'>227</span> 
     </span>
    </p>
   </div>
   <div class='ocr_carea' id='block_1_2' title="bbox 62 529 1206 2924">
    <p class='ocr_par' dir='ltr' id='par_1_2' title="bbox 69 529 1204 1037">
     <span class='ocr_line' id='line_1_2' title="bbox 72 529 1203 615; baseline 0.003 -22"><span class='ocrx_word' id='word_1_2' title='bbox 72 530 143 612; x_wconf 91' lang='lat' dir='ltr'>quod</span> <span class='ocrx_word' id='word_1_3' title='bbox 164 529 242 609; x_wconf 91' lang='lat' dir='ltr'>dico,</span> <span class='ocrx_word' id='word_1_4' title='bbox 266 533 300 596; x_wconf 90' lang='lat' dir='ltr'>et</span> <span class='ocrx_word' id='word_1_5' title='bbox 322 534 476 614; x_wconf 79' lang='lat' dir='ltr'>optarem,</span> <span class='ocrx_word' id='word_1_6' title='bbox 496 531 568 614; x_wconf 88' lang='lat' dir='ltr'>jure</span> <span class='ocrx_word' id='word_1_7' title='bbox 590 551 641 594; x_wconf 89' lang='lat' dir='ltr'>mc</span> <span class='ocrx_word' id='word_1_8' title='bbox 656 551 747 615; x_wconf 87' lang='lat' dir='ltr'>posse</span> <span class='ocrx_word' id='word_1_9' title='bbox 765 529 921 595; x_wconf 77' lang='lat' dir='ltr'>mendacii</span> <span class='ocrx_word' id='word_1_10' title='bbox 936 529 1125 610; x_wconf 80' lang='lat' dir='ltr'>insimulari,</span> <span class='ocrx_word' id='word_1_11' title='bbox 1149 532 1203 596; x_wconf 89' lang='lat' dir='ltr'>sed</span> 
     </span>
     <span class='ocr_line' id='line_1_3' title="bbox 71 636 1204 722; baseline 0.002 -23"><span class='ocrx_word' id='word_1_12' title='bbox 71 637 197 718; x_wconf 83' lang='lat' dir='ltr'>prolecto</span> <span class='ocrx_word' id='word_1_13' title='bbox 219 637 265 702; x_wconf 84' lang='lat' dir='ltr'>sio</span> <span class='ocrx_word' id='word_1_14' title='bbox 287 637 432 722; x_wconf 82' lang='lat' dir='ltr'>plerique</span> <span class='ocrx_word' id='word_1_15' title='bbox 452 636 574 715; x_wconf 87' lang='lat' dir='ltr'>vivunt,</span> <span class='ocrx_word' id='word_1_16' title='bbox 598 639 634 701; x_wconf 89' lang='lat' dir='ltr'>ut</span> <span class='ocrx_word' id='word_1_17' title='bbox 655 637 798 720; x_wconf 89' lang='lat' dir='ltr'>ipsorum</span> <span class='ocrx_word' id='word_1_18' title='bbox 822 637 960 702; x_wconf 78' lang='lat' dir='ltr'><strong>actiones</strong></span> <span class='ocrx_word' id='word_1_19' title='bbox 984 641 1078 722; x_wconf 84' lang='lat' dir='ltr'>atque</span> <span class='ocrx_word' id='word_1_20' title='bbox 1101 659 1204 702; x_wconf 86' lang='lat' dir='ltr'>mores</span> 
     </span>
     <span class='ocr_line' id='line_1_4' title="bbox 70 727 1204 825; baseline 0.002 -22"><span class='ocrx_word' id='word_1_21' title='bbox 70 742 261 825; x_wconf 81' lang='lat' dir='ltr'>comprobare</span> <span class='ocrx_word' id='word_1_22' title='bbox 284 727 461 819; x_wconf 81' lang='lat' dir='ltr'>videantur,</span> <span class='ocrx_word' id='word_1_23' title='bbox 485 740 569 824; x_wconf 91' lang='lat' dir='ltr'>quod</span> <span class='ocrx_word' id='word_1_24' title='bbox 592 741 669 806; x_wconf 86' lang='lat' dir='ltr'>dico.</span> <span class='ocrx_word' id='word_1_25' title='bbox 716 740 784 806; x_wconf 85' lang='lat' dir='ltr'>Aut</span> <span class='ocrx_word' id='word_1_26' title='bbox 806 741 833 805; x_wconf 92' lang='lat' dir='ltr'>si</span> <span class='ocrx_word' id='word_1_27' title='bbox 856 741 898 806; x_wconf 86' lang='lat' dir='ltr'>sit</span> <span class='ocrx_word' id='word_1_28' title='bbox 920 740 1023 820; x_wconf 90' lang='lat' dir='ltr'>Deus,</span> <span class='ocrx_word' id='word_1_29' title='bbox 1047 745 1079 808; x_wconf 87' lang='lat' dir='ltr'>et</span> <span class='ocrx_word' id='word_1_30' title='bbox 1102 741 1204 807; x_wconf 87' lang='lat' dir='ltr'>nostri</span> 
     </span>
     <span class='ocr_line' id='line_1_5' title="bbox 69 845 1204 932; baseline 0.003 -22"><span class='ocrx_word' id='word_1_31' title='bbox 69 867 162 912; x_wconf 83' lang='lat' dir='ltr'>curam</span> <span class='ocrx_word' id='word_1_32' title='bbox 183 851 284 932; x_wconf 82' lang='lat' dir='ltr'>gerat,</span> <span class='ocrx_word' id='word_1_33' title='bbox 308 861 440 932; x_wconf 84' lang='lat' dir='ltr'>quaequs</span> <span class='ocrx_word' id='word_1_34' title='bbox 463 846 529 910; x_wconf 86' lang='lat' dir='ltr'>sint</span> <span class='ocrx_word' id='word_1_35' title='bbox 551 846 716 911; x_wconf 89' lang='lat' dir='ltr'>hominum</span> <span class='ocrx_word' id='word_1_36' title='bbox 740 845 824 911; x_wconf 82' lang='lat' dir='ltr'>fectu</span> <span class='ocrx_word' id='word_1_37' title='bbox 846 846 1006 930; x_wconf 84' lang='lat' dir='ltr'>dijudicet,</span> <span class='ocrx_word' id='word_1_38' title='bbox 1029 853 1113 914; x_wconf 89' lang='lat' dir='ltr'>certe</span> <span class='ocrx_word' id='word_1_39' title='bbox 1136 869 1204 925; x_wconf 80' lang='lat' dir='ltr'>cre·</span> 
     </span>
     <span class='ocr_line' id='line_1_6' title="bbox 69 950 1019 1037; baseline 0.003 -23"><span class='ocrx_word' id='word_1_40' title='bbox 69 950 147 1030; x_wconf 87' lang='lat' dir='ltr'>dunt,</span> <span class='ocrx_word' id='word_1_41' title='bbox 169 952 263 1018; x_wconf 80' lang='lat' dir='ltr'>facile</span> <span class='ocrx_word' id='word_1_42' title='bbox 286 952 391 1037; x_wconf 89' lang='lat' dir='ltr'>ipsum</span> <span class='ocrx_word' id='word_1_43' title='bbox 414 973 503 1036; x_wconf 87' lang='lat' dir='ltr'>posse</span> <span class='ocrx_word' id='word_1_44' title='bbox 525 950 646 1034; x_wconf 76' lang='lat' dir='ltr'>placeri</span> <span class='ocrx_word' id='word_1_45' title='bbox 668 951 826 1016; x_wconf 85' lang='lat' dir='ltr'>consuetis</span> <span class='ocrx_word' id='word_1_46' title='bbox 850 951 1019 1017; x_wconf 70' lang='lat' dir='ltr'>sacrificiis.</span> 
     </span>
    </p>

    <p class='ocr_par' dir='ltr' id='par_1_3' title="bbox 62 1055 1206 2924">
     <span class='ocr_line' id='line_1_7' title="bbox 142 1055 1204 1142; baseline -0.001 -21"><span class='ocrx_word' id='word_1_47' title='bbox 142 1055 253 1141; x_wconf 79' lang='lat' dir='ltr'>Atqui,</span> <span class='ocrx_word' id='word_1_48' title='bbox 270 1057 337 1122; x_wconf 89' lang='lat' dir='ltr'>-sub</span> <span class='ocrx_word' id='word_1_49' title='bbox 359 1057 462 1141; x_wconf 83' lang='lat' dir='ltr'>specie</span> <span class='ocrx_word' id='word_1_50' title='bbox 485 1056 650 1142; x_wconf 82' lang='lat' dir='ltr'>religionis</span> <span class='ocrx_word' id='word_1_51' title='bbox 673 1078 736 1122; x_wconf 91' lang='lat' dir='ltr'>nou</span> <span class='ocrx_word' id='word_1_52' title='bbox 762 1057 854 1121; x_wconf 90' lang='lat' dir='ltr'>modo</span> <span class='ocrx_word' id='word_1_53' title='bbox 877 1079 1015 1122; x_wconf 84' lang='lat' dir='ltr'>summas</span> <span class='ocrx_word' id='word_1_54' title='bbox 1035 1056 1204 1142; x_wconf 78' lang='lat' dir='ltr'>aequisivit</span> 
     </span>
     <span class='ocr_line' id='line_1_8' title="bbox 68 1160 1202 1247; baseline 0.004 -25"><span class='ocrx_word' id='word_1_55' title='bbox 68 1180 129 1245; x_wconf 87' lang='lat' dir='ltr'>opes</span> <span class='ocrx_word' id='word_1_56' title='bbox 144 1161 307 1227; x_wconf 77' lang='lat' dir='ltr'>Romanus</span> <span class='ocrx_word' id='word_1_57' title='bbox 321 1167 489 1247; x_wconf 63' lang='lat' dir='ltr'>tyrannus</span> <span class='ocrx_word' id='word_1_58' title='bbox 513 1162 719 1228; x_wconf 76' lang='lat' dir='ltr'>verumetiam</span> <span class='ocrx_word' id='word_1_59' title='bbox 742 1161 818 1226; x_wconf 84' lang='lat' dir='ltr'>adeo</span> <span class='ocrx_word' id='word_1_60' title='bbox 833 1160 936 1227; x_wconf 80' lang='lat' dir='ltr'>fectus</span> <span class='ocrx_word' id='word_1_61' title='bbox 953 1167 1000 1228; x_wconf 86' lang='lat' dir='ltr'>ost</span> <span class='ocrx_word' id='word_1_62' title='bbox 1015 1161 1202 1227; x_wconf 85' lang='lat' dir='ltr'>ambitiosus</span> 
     </span>
     <span class='ocr_line' id='line_1_9' title="bbox 67 1265 1203 1352; baseline 0.002 -23"><span class='ocrx_word' id='word_1_63' title='bbox 67 1269 92 1329; x_wconf 93' lang='lat' dir='ltr'>et</span> <span class='ocrx_word' id='word_1_64' title='bbox 110 1265 206 1346; x_wconf 79' lang='lat' dir='ltr'>ferox,</span> <span class='ocrx_word' id='word_1_65' title='bbox 230 1271 268 1332; x_wconf 89' lang='lat' dir='ltr'>ut</span> <span class='ocrx_word' id='word_1_66' title='bbox 289 1267 429 1332; x_wconf 86' lang='lat' dir='ltr'>vicinum</span> <span class='ocrx_word' id='word_1_67' title='bbox 454 1267 577 1331; x_wconf 85' lang='lat' dir='ltr'>nullum</span> <span class='ocrx_word' id='word_1_68' title='bbox 600 1265 682 1332; x_wconf 86' lang='lat' dir='ltr'>ferre</span> <span class='ocrx_word' id='word_1_69' title='bbox 706 1267 804 1351; x_wconf 86' lang='lat' dir='ltr'>possit</span> <span class='ocrx_word' id='word_1_70' title='bbox 827 1269 989 1352; x_wconf 83' lang='lat' dir='ltr'>potentem</span> <span class='ocrx_word' id='word_1_71' title='bbox 1017 1267 1203 1352; x_wconf 83' lang='lat' dir='ltr'>principem.</span> 
     </span>
     <span class='ocr_line' id='line_1_10' title="bbox 67 1367 1205 1458; baseline 0.004 -24"><span class='ocrx_word' id='word_1_72' title='bbox 67 1367 147 1435; x_wconf 80' lang='lat' dir='ltr'>Solus</span> <span class='ocrx_word' id='word_1_73' title='bbox 169 1371 253 1436; x_wconf 90' lang='lat' dir='ltr'>enim</span> <span class='ocrx_word' id='word_1_74' title='bbox 278 1370 348 1436; x_wconf 87' lang='lat' dir='ltr'>vult</span> <span class='ocrx_word' id='word_1_75' title='bbox 370 1371 536 1450; x_wconf 81' lang='lat' dir='ltr'>dominari,</span> <span class='ocrx_word' id='word_1_76' title='bbox 560 1372 662 1455; x_wconf 82' lang='lat' dir='ltr'>neque</span> <span class='ocrx_word' id='word_1_77' title='bbox 685 1393 801 1437; x_wconf 85' lang='lat' dir='ltr'>novum</span> <span class='ocrx_word' id='word_1_78' title='bbox 824 1377 888 1450; x_wconf 90' lang='lat' dir='ltr'>est,</span> <span class='ocrx_word' id='word_1_79' title='bbox 911 1372 1018 1438; x_wconf 86' lang='lat' dir='ltr'>videre</span> <span class='ocrx_word' id='word_1_80' title='bbox 1040 1376 1205 1458; x_wconf 80' lang='lat' dir='ltr'>magnetes</span> 
     </span>
     <span class='ocr_line' id='line_1_11' title="bbox 66 1474 1204 1563; baseline 0.005 -26"><span class='ocrx_word' id='word_1_81' title='bbox 66 1474 98 1537; x_wconf 83' lang='lat' dir='ltr'>ab</span> <span class='ocrx_word' id='word_1_82' title='bbox 126 1476 195 1560; x_wconf 89' lang='lat' dir='ltr'>ipso</span> <span class='ocrx_word' id='word_1_83' title='bbox 227 1477 320 1542; x_wconf 87' lang='lat' dir='ltr'>elisos</span> <span class='ocrx_word' id='word_1_84' title='bbox 354 1481 385 1542; x_wconf 89' lang='lat' dir='ltr'>et</span> <span class='ocrx_word' id='word_1_85' title='bbox 416 1475 610 1563; x_wconf 82' lang='lat' dir='ltr'>profligatos.</span> <span class='ocrx_word' id='word_1_86' title='bbox 657 1475 728 1542; x_wconf 87' lang='lat' dir='ltr'>Huo</span> <span class='ocrx_word' id='word_1_87' title='bbox 762 1477 932 1560; x_wconf 79' lang='lat' dir='ltr'>aliquando</span> <span class='ocrx_word' id='word_1_88' title='bbox 966 1481 1150 1562; x_wconf 76' lang='lat' dir='ltr'>spectarunt</span> <span class='ocrx_word' id='word_1_89' title='bbox 1172 1482 1204 1543; x_wconf 88' lang='lat' dir='ltr'>et</span> 
     </span>
     <span class='ocr_line' id='line_1_12' title="bbox 66 1578 1203 1668; baseline 0.005 -26"><span class='ocrx_word' id='word_1_90' title='bbox 66 1578 118 1645; x_wconf 85' lang='lat' dir='ltr'>Leo</span> <span class='ocrx_word' id='word_1_91' title='bbox 139 1581 279 1647; x_wconf 89' lang='lat' dir='ltr'>decimus</span> <span class='ocrx_word' id='word_1_92' title='bbox 303 1585 336 1646; x_wconf 84' lang='lat' dir='ltr'>et</span> <span class='ocrx_word' id='word_1_93' title='bbox 358 1579 521 1659; x_wconf 81' lang='lat' dir='ltr'>Clemens,</span> <span class='ocrx_word' id='word_1_94' title='bbox 549 1583 643 1665; x_wconf 83' lang='lat' dir='ltr'>etque</span> <span class='ocrx_word' id='word_1_95' title='bbox 665 1581 717 1646; x_wconf 88' lang='lat' dir='ltr'>hio</span> <span class='ocrx_word' id='word_1_96' title='bbox 741 1583 883 1665; x_wconf 88' lang='lat' dir='ltr'>quidem,</span> <span class='ocrx_word' id='word_1_97' title='bbox 917 1603 988 1647; x_wconf 89' lang='lat' dir='ltr'>eum</span> <span class='ocrx_word' id='word_1_98' title='bbox 1010 1586 1043 1648; x_wconf 87' lang='lat' dir='ltr'>tc</span> <span class='ocrx_word' id='word_1_99' title='bbox 1064 1586 1203 1668; x_wconf 87' lang='lat' dir='ltr'>cuperet,</span> 
     </span>
     <span class='ocr_line' id='line_1_13' title="bbox 66 1683 1205 1774; baseline 0.004 -24"><span class='ocrx_word' id='word_1_100' title='bbox 66 1683 169 1765; x_wconf 73' lang='lat' dir='ltr'>deser,</span> <span class='ocrx_word' id='word_1_101' title='bbox 193 1688 280 1752; x_wconf 90' lang='lat' dir='ltr'>omni</span> <span class='ocrx_word' id='word_1_102' title='bbox 303 1686 439 1772; x_wconf 81' lang='lat' dir='ltr'>spoliare</span> <span class='ocrx_word' id='word_1_103' title='bbox 463 1685 566 1768; x_wconf 79' lang='lat' dir='ltr'>ltalia,</span> <span class='ocrx_word' id='word_1_104' title='bbox 591 1686 760 1772; x_wconf 80' lang='lat' dir='ltr'>diligenter</span> <span class='ocrx_word' id='word_1_105' title='bbox 775 1688 859 1754; x_wconf 80' lang='lat' dir='ltr'>cavit</span> <span class='ocrx_word' id='word_1_106' title='bbox 875 1687 908 1751; x_wconf 90' lang='lat' dir='ltr'>in</span> <span class='ocrx_word' id='word_1_107' title='bbox 925 1711 970 1767; x_wconf 90' lang='lat' dir='ltr'>eo,</span> <span class='ocrx_word' id='word_1_108' title='bbox 995 1689 1077 1774; x_wconf 93' lang='lat' dir='ltr'>quod</span> <span class='ocrx_word' id='word_1_109' title='bbox 1092 1692 1205 1754; x_wconf 83' lang='lat' dir='ltr'>contre</span> 
     </span>
     <span class='ocr_line' id='line_1_14' title="bbox 65 1790 1205 1878; baseline 0.004 -24"><span class='ocrx_word' id='word_1_110' title='bbox 65 1793 92 1854; x_wconf 82' lang='lat' dir='ltr'>te</span> <span class='ocrx_word' id='word_1_111' title='bbox 111 1792 264 1876; x_wconf 88' lang='lat' dir='ltr'>suscepit,</span> <span class='ocrx_word' id='word_1_112' title='bbox 293 1791 426 1869; x_wconf 88' lang='lat' dir='ltr'>foedere,</span> <span class='ocrx_word' id='word_1_113' title='bbox 449 1794 487 1856; x_wconf 89' lang='lat' dir='ltr'>ut</span> <span class='ocrx_word' id='word_1_114' title='bbox 508 1790 604 1855; x_wconf 84' lang='lat' dir='ltr'>etism</span> <span class='ocrx_word' id='word_1_115' title='bbox 628 1790 655 1856; x_wconf 90' lang='lat' dir='ltr'>si</span> <span class='ocrx_word' id='word_1_116' title='bbox 677 1791 810 1856; x_wconf 76' lang='lat' dir='ltr'>fortasse</span> <span class='ocrx_word' id='word_1_117' title='bbox 834 1791 1006 1877; x_wconf 84' lang='lat' dir='ltr'>acciperes,</span> <span class='ocrx_word' id='word_1_118' title='bbox 1038 1815 1115 1877; x_wconf 83' lang='lat' dir='ltr'>ques</span> <span class='ocrx_word' id='word_1_119' title='bbox 1138 1793 1205 1878; x_wconf 86' lang='lat' dir='ltr'>ipse</span> 
     </span>
     <span class='ocr_line' id='line_1_15' title="bbox 66 1894 1202 1981; baseline 0.003 -22"><span class='ocrx_word' id='word_1_120' title='bbox 66 1915 128 1959; x_wconf 88' lang='lat' dir='ltr'>cum</span> <span class='ocrx_word' id='word_1_121' title='bbox 150 1897 216 1961; x_wconf 88' lang='lat' dir='ltr'>suis</span> <span class='ocrx_word' id='word_1_122' title='bbox 232 1895 393 1961; x_wconf 83' lang='lat' dir='ltr'>ioederetis</span> <span class='ocrx_word' id='word_1_123' title='bbox 409 1900 505 1980; x_wconf 79' lang='lat' dir='ltr'>etque</span> <span class='ocrx_word' id='word_1_124' title='bbox 520 1895 613 1960; x_wconf 86' lang='lat' dir='ltr'>sociis</span> <span class='ocrx_word' id='word_1_125' title='bbox 627 1894 688 1959; x_wconf 85' lang='lat' dir='ltr'>tibi</span> <span class='ocrx_word' id='word_1_126' title='bbox 704 1896 878 1980; x_wconf 87' lang='lat' dir='ltr'>proposuit,</span> <span class='ocrx_word' id='word_1_127' title='bbox 901 1897 987 1981; x_wconf 82' lang='lat' dir='ltr'>pacis</span> <span class='ocrx_word' id='word_1_128' title='bbox 1003 1897 1202 1964; x_wconf 76' lang='lat' dir='ltr'>condiciones</span> 
     </span>
     <span class='ocr_line' id='line_1_16' title="bbox 66 1999 1205 2086; baseline 0.002 -22"><span class='ocrx_word' id='word_1_129' title='bbox 66 2001 241 2079; x_wconf 81' lang='lat' dir='ltr'>acerrimas,</span> <span class='ocrx_word' id='word_1_130' title='bbox 276 2023 316 2066; x_wconf 92' lang='lat' dir='ltr'>ne</span> <span class='ocrx_word' id='word_1_131' title='bbox 345 2006 451 2066; x_wconf 80' lang='lat' dir='ltr'>temen</span> <span class='ocrx_word' id='word_1_132' title='bbox 475 2000 509 2064; x_wconf 90' lang='lat' dir='ltr'>in</span> <span class='ocrx_word' id='word_1_133' title='bbox 532 1999 659 2064; x_wconf 83' lang='lat' dir='ltr'>Italiam</span> <span class='ocrx_word' id='word_1_134' title='bbox 682 1999 748 2064; x_wconf 93' lang='lat' dir='ltr'>ullo</span> <span class='ocrx_word' id='word_1_135' title='bbox 771 2003 912 2086; x_wconf 86' lang='lat' dir='ltr'>tempore</span> <span class='ocrx_word' id='word_1_136' title='bbox 935 2003 1108 2081; x_wconf 84' lang='lat' dir='ltr'>secederes,</span> <span class='ocrx_word' id='word_1_137' title='bbox 1141 2001 1205 2067; x_wconf 91' lang='lat' dir='ltr'>nisi</span> 
     </span>
     <span class='ocr_line' id='line_1_17' title="bbox 65 2103 1202 2190; baseline 0.004 -22"><span class='ocrx_word' id='word_1_138' title='bbox 65 2125 127 2169; x_wconf 89' lang='lat' dir='ltr'>cum</span> <span class='ocrx_word' id='word_1_139' title='bbox 150 2109 243 2172; x_wconf 79' lang='lat' dir='ltr'>tants</span> <span class='ocrx_word' id='word_1_140' title='bbox 264 2105 403 2170; x_wconf 90' lang='lat' dir='ltr'>militum</span> <span class='ocrx_word' id='word_1_141' title='bbox 429 2127 536 2182; x_wconf 81' lang='lat' dir='ltr'>manu,</span> <span class='ocrx_word' id='word_1_142' title='bbox 560 2107 713 2188; x_wconf 78' lang='lat' dir='ltr'>quantam</span> <span class='ocrx_word' id='word_1_143' title='bbox 732 2103 799 2188; x_wconf 86' lang='lat' dir='ltr'>ipse</span> <span class='ocrx_word' id='word_1_144' title='bbox 815 2103 910 2170; x_wconf 87' lang='lat' dir='ltr'>vellet</span> <span class='ocrx_word' id='word_1_145' title='bbox 925 2127 961 2171; x_wconf 81' lang='lat' dir='ltr'>ac</span> <span class='ocrx_word' id='word_1_146' title='bbox 975 2107 1202 2190; x_wconf 77' lang='lat' dir='ltr'>praescriberet.</span> 
     </span>
     <span class='ocr_line' id='line_1_18' title="bbox 66 2209 1203 2298; baseline 0.004 -24"><span class='ocrx_word' id='word_1_147' title='bbox 66 2209 210 2286; x_wconf 77' lang='lat' dir='ltr'>Quaenem</span> <span class='ocrx_word' id='word_1_148' title='bbox 231 2209 299 2276; x_wconf 80' lang='lat' dir='ltr'>haec</span> <span class='ocrx_word' id='word_1_149' title='bbox 320 2214 411 2276; x_wconf 81' lang='lat' dir='ltr'>tenta</span> <span class='ocrx_word' id='word_1_150' title='bbox 433 2212 481 2275; x_wconf 87' lang='lat' dir='ltr'>est</span> <span class='ocrx_word' id='word_1_151' title='bbox 505 2209 564 2293; x_wconf 83' lang='lat' dir='ltr'>[V]</span> <span class='ocrx_word' id='word_1_152' title='bbox 588 2209 741 2275; x_wconf 79' lang='lat' dir='ltr'>eudocia?</span> <span class='ocrx_word' id='word_1_153' title='bbox 786 2209 873 2275; x_wconf 89' lang='lat' dir='ltr'>Num</span> <span class='ocrx_word' id='word_1_154' title='bbox 896 2211 1057 2278; x_wconf 82' lang='lat' dir='ltr'>Romanus</span> <span class='ocrx_word' id='word_1_155' title='bbox 1082 2214 1203 2298; x_wconf 86' lang='lat' dir='ltr'>episco-</span> 
     </span>
     <span class='ocr_line' id='line_1_19' title="bbox 63 2314 1204 2401; baseline 0.002 -22"><span class='ocrx_word' id='word_1_156' title='bbox 63 2335 126 2396; x_wconf 85' lang='lat' dir='ltr'>pus,</span> <span class='ocrx_word' id='word_1_157' title='bbox 149 2317 309 2401; x_wconf 83' lang='lat' dir='ltr'>quondam</span> <span class='ocrx_word' id='word_1_158' title='bbox 330 2316 436 2380; x_wconf 90' lang='lat' dir='ltr'>tenuis</span> <span class='ocrx_word' id='word_1_159' title='bbox 459 2323 491 2384; x_wconf 90' lang='lat' dir='ltr'>et</span> <span class='ocrx_word' id='word_1_160' title='bbox 512 2314 736 2400; x_wconf 83' lang='lat' dir='ltr'>pauperculus,</span> <span class='ocrx_word' id='word_1_161' title='bbox 768 2315 926 2381; x_wconf 81' lang='lat' dir='ltr'>Oaesarum</span> <span class='ocrx_word' id='word_1_162' title='bbox 957 2317 1068 2383; x_wconf 89' lang='lat' dir='ltr'>deinde</span> <span class='ocrx_word' id='word_1_163' title='bbox 1098 2319 1204 2382; x_wconf 89' lang='lat' dir='ltr'>muni-</span> 
     </span>
     <span class='ocr_line' id='line_1_20' title="bbox 65 2415 1204 2506; baseline 0.005 -25"><span class='ocrx_word' id='word_1_164' title='bbox 65 2418 184 2486; x_wconf 84' lang='lat' dir='ltr'>ficentia</span> <span class='ocrx_word' id='word_1_165' title='bbox 207 2421 426 2506; x_wconf 80' lang='lat' dir='ltr'>locupletatus,</span> <span class='ocrx_word' id='word_1_166' title='bbox 451 2415 589 2485; x_wconf 72' lang='lat' dir='ltr'>excludit</span> <span class='ocrx_word' id='word_1_167' title='bbox 602 2418 749 2500; x_wconf 74' lang='lat' dir='ltr'>Caesareo,</span> <span class='ocrx_word' id='word_1_168' title='bbox 773 2424 868 2504; x_wconf 79' lang='lat' dir='ltr'>etque</span> <span class='ocrx_word' id='word_1_169' title='bbox 890 2421 979 2486; x_wconf 86' lang='lat' dir='ltr'>aditu</span> <span class='ocrx_word' id='word_1_170' title='bbox 1000 2421 1148 2506; x_wconf 83' lang='lat' dir='ltr'>prohibet</span> <span class='ocrx_word' id='word_1_171' title='bbox 1164 2423 1204 2487; x_wconf 85' lang='lat' dir='ltr'>ub</span> 
     </span>
     <span class='ocr_line' id='line_1_21' title="bbox 63 2522 1204 2612; baseline 0.005 -26"><span class='ocrx_word' id='word_1_172' title='bbox 63 2522 159 2604; x_wconf 83' lang='lat' dir='ltr'>Italis,</span> <span class='ocrx_word' id='word_1_173' title='bbox 183 2528 288 2611; x_wconf 91' lang='lat' dir='ltr'>prisco</span> <span class='ocrx_word' id='word_1_174' title='bbox 311 2529 344 2590; x_wconf 89' lang='lat' dir='ltr'>et</span> <span class='ocrx_word' id='word_1_175' title='bbox 365 2547 437 2591; x_wconf 88' lang='lat' dir='ltr'>vero</span> <span class='ocrx_word' id='word_1_176' title='bbox 456 2525 564 2590; x_wconf 79' lang='lat' dir='ltr'>nativo</span> <span class='ocrx_word' id='word_1_177' title='bbox 580 2525 739 2590; x_wconf 78' lang='lat' dir='ltr'>Cossorum</span> <span class='ocrx_word' id='word_1_178' title='bbox 754 2525 970 2609; x_wconf 75' lang='lat' dir='ltr'>patrimonio?</span> <span class='ocrx_word' id='word_1_179' title='bbox 1000 2525 1204 2612; x_wconf 82' lang='lat' dir='ltr'>Deplornnda</span> 
     </span>
     <span class='ocr_line' id='line_1_22' title="bbox 62 2629 1206 2712; baseline 0.003 -19"><span class='ocrx_word' id='word_1_180' title='bbox 62 2631 183 2712; x_wconf 89' lang='lat' dir='ltr'>quidem</span> <span class='ocrx_word' id='word_1_181' title='bbox 205 2635 282 2696; x_wconf 88' lang='lat' dir='ltr'>sunt</span> <span class='ocrx_word' id='word_1_182' title='bbox 304 2632 379 2710; x_wconf 82' lang='lat' dir='ltr'>isis,</span> <span class='ocrx_word' id='word_1_183' title='bbox 402 2632 456 2696; x_wconf 90' lang='lat' dir='ltr'>sed</span> <span class='ocrx_word' id='word_1_184' title='bbox 479 2634 584 2695; x_wconf 82' lang='lat' dir='ltr'>temon</span> <span class='ocrx_word' id='word_1_185' title='bbox 609 2629 690 2694; x_wconf 83' lang='lat' dir='ltr'>elius</span> <span class='ocrx_word' id='word_1_186' title='bbox 714 2634 763 2695; x_wconf 87' lang='lat' dir='ltr'>est</span> <span class='ocrx_word' id='word_1_187' title='bbox 785 2629 878 2695; x_wconf 87' lang='lat' dir='ltr'>hodie</span> <span class='ocrx_word' id='word_1_188' title='bbox 901 2651 1006 2695; x_wconf 86' lang='lat' dir='ltr'>rerum</span> <span class='ocrx_word' id='word_1_189' title='bbox 1021 2634 1133 2710; x_wconf 79' lang='lat' dir='ltr'>status,</span> <span class='ocrx_word' id='word_1_190' title='bbox 1158 2633 1206 2696; x_wconf 81' lang='lat' dir='ltr'>its</span> 
     </span>
     <span class='ocr_line' id='line_1_23' title="bbox 62 2735 1203 2821; baseline 0.004 -24"><span class='ocrx_word' id='word_1_191' title='bbox 62 2736 179 2802; x_wconf 85' lang='lat' dir='ltr'>volente</span> <span class='ocrx_word' id='word_1_192' title='bbox 202 2735 279 2815; x_wconf 87' lang='lat' dir='ltr'>Dec,</span> <span class='ocrx_word' id='word_1_193' title='bbox 302 2736 389 2820; x_wconf 89' lang='lat' dir='ltr'>cujus</span> <span class='ocrx_word' id='word_1_194' title='bbox 412 2735 598 2820; x_wconf 83' lang='lat' dir='ltr'>investigari</span> <span class='ocrx_word' id='word_1_195' title='bbox 620 2735 753 2799; x_wconf 85' lang='lat' dir='ltr'>consilis</span> <span class='ocrx_word' id='word_1_196' title='bbox 774 2756 839 2799; x_wconf 89' lang='lat' dir='ltr'>uon</span> <span class='ocrx_word' id='word_1_197' title='bbox 862 2738 1004 2819; x_wconf 87' lang='lat' dir='ltr'>possunt.</span> <span class='ocrx_word' id='word_1_198' title='bbox 1036 2735 1078 2800; x_wconf 86' lang='lat' dir='ltr'>Et</span> <span class='ocrx_word' id='word_1_199' title='bbox 1101 2759 1203 2821; x_wconf 79' lang='lat' dir='ltr'>qusn-</span> 
     </span>
     <span class='ocr_line' id='line_1_24' title="bbox 62 2840 1203 2924; baseline 0.003 -20"><span class='ocrx_word' id='word_1_200' title='bbox 62 2861 149 2922; x_wconf 83' lang='lat' dir='ltr'>quem</span> <span class='ocrx_word' id='word_1_201' title='bbox 172 2841 205 2906; x_wconf 89' lang='lat' dir='ltr'>in</span> <span class='ocrx_word' id='word_1_202' title='bbox 229 2841 288 2905; x_wconf 87' lang='lat' dir='ltr'>hac</span> <span class='ocrx_word' id='word_1_203' title='bbox 310 2844 379 2906; x_wconf 82' lang='lat' dir='ltr'>tote</span> <span class='ocrx_word' id='word_1_204' title='bbox 401 2861 494 2916; x_wconf 78' lang='lat' dir='ltr'>ceusu</span> <span class='ocrx_word' id='word_1_205' title='bbox 516 2844 582 2904; x_wconf 86' lang='lat' dir='ltr'>tam</span> <span class='ocrx_word' id='word_1_206' title='bbox 605 2840 659 2924; x_wconf 82' lang='lat' dir='ltr'>pis</span> <span class='ocrx_word' id='word_1_207' title='bbox 682 2842 810 2924; x_wconf 81' lang='lat' dir='ltr'>tamque</span> <span class='ocrx_word' id='word_1_208' title='bbox 833 2840 1009 2904; x_wconf 83' lang='lat' dir='ltr'>necessarie</span> <span class='ocrx_word' id='word_1_209' title='bbox 1023 2841 1145 2907; x_wconf 85' lang='lat' dir='ltr'>nullam</span> <span class='ocrx_word' id='word_1_210' title='bbox 1162 2847 1203 2921; x_wconf 90' lang='lat' dir='ltr'>te,</span> 
     </span>
    </p>
   </div>
   <div class='ocr_carea' id='block_1_3' title="bbox 62 2941 1204 3104">
    <p class='ocr_par' dir='ltr' id='par_1_4' title="bbox 62 2941 1204 3104">
     <span class='ocr_line' id='line_1_25' title="bbox 62 2941 1204 3031; baseline 0.003 -24"><span class='ocrx_word' id='word_1_211' title='bbox 62 2941 177 3026; x_wconf 72' lang='lat' dir='ltr'>Cesar,</span> <span class='ocrx_word' id='word_1_212' title='bbox 200 2949 327 3031; x_wconf 84' lang='lat' dir='ltr'>oportet</span> <span class='ocrx_word' id='word_1_213' title='bbox 349 2945 504 3011; x_wconf 74' lang='lat' dir='ltr'>rationem</span> <span class='ocrx_word' id='word_1_214' title='bbox 527 2945 643 3010; x_wconf 82' lang='lat' dir='ltr'>habere</span> <span class='ocrx_word' id='word_1_215' title='bbox 665 2945 761 3010; x_wconf 90' lang='lat' dir='ltr'>ullius</span> <span class='ocrx_word' id='word_1_216' title='bbox 785 2946 834 3010; x_wconf 85' lang='lat' dir='ltr'>vel</span> <span class='ocrx_word' id='word_1_217' title='bbox 857 2945 1063 3012; x_wconf 87' lang='lat' dir='ltr'>emolumenti</span> <span class='ocrx_word' id='word_1_218' title='bbox 1085 2947 1135 3012; x_wconf 84' lang='lat' dir='ltr'>vel</span> <span class='ocrx_word' id='word_1_219' title='bbox 1157 2947 1204 3010; x_wconf 89' lang='lat' dir='ltr'>rei</span> 
     </span>
     <span class='ocr_line' id='line_1_26' title="bbox 622 3067 640 3104; baseline 0 0"><span class='ocrx_word' id='word_1_220' title='bbox 622 3067 640 3104; x_wconf 69' lang='grc' dir='ltr'>Ἰ</span> 
     </span>
    </p>
   </div>
   <div class='ocr_carea' id='block_1_4' title="bbox 60 3153 1244 4289">
    <p class='ocr_par' dir='ltr' id='par_1_5' title="bbox 60 3153 1205 3642">
     <span class='ocr_line' id='line_1_27' title="bbox 63 3153 1204 3234; baseline 0.003 -17"><span class='ocrx_word' id='word_1_221' title='bbox 63 3154 142 3218; x_wconf 90' lang='lat' dir='ltr'>sihet</span> <span class='ocrx_word' id='word_1_222' title='bbox 163 3155 208 3219; x_wconf 91' lang='lat' dir='ltr'>im</span> <span class='ocrx_word' id='word_1_223' title='bbox 231 3155 296 3220; x_wconf 82' lang='lat' dir='ltr'>fast</span> <span class='ocrx_word' id='word_1_224' title='bbox 318 3153 455 3219; x_wconf 90' lang='lat' dir='ltr'>ehnlich.</span> <span class='ocrx_word' id='word_1_225' title='bbox 502 3153 585 3218; x_wconf 82' lang='lat' dir='ltr'>Odor</span> <span class='ocrx_word' id='word_1_226' title='bbox 613 3154 687 3219; x_wconf 85' lang='lat' dir='ltr'>eber</span> <span class='ocrx_word' id='word_1_227' title='bbox 718 3175 752 3218; x_wconf 93' lang='lat' dir='ltr'>so</span> <span class='ocrx_word' id='word_1_228' title='bbox 785 3154 834 3220; x_wconf 91' lang='lat' dir='ltr'>ein</span> <span class='ocrx_word' id='word_1_229' title='bbox 859 3153 923 3218; x_wconf 85' lang='lat' dir='ltr'>Got</span> <span class='ocrx_word' id='word_1_230' title='bbox 944 3155 1006 3234; x_wconf 85' lang='lat' dir='ltr'>ist,</span> <span class='ocrx_word' id='word_1_231' title='bbox 1041 3156 1106 3220; x_wconf 90' lang='lat' dir='ltr'>und</span> <span class='ocrx_word' id='word_1_232' title='bbox 1136 3156 1204 3221; x_wconf 89' lang='lat' dir='ltr'>sich</span> 
     </span>
     <span class='ocr_line' id='line_1_28' title="bbox 60 3258 1205 3346; baseline 0.003 -24"><span class='ocrx_word' id='word_1_233' title='bbox 60 3259 150 3325; x_wconf 89' lang='lat' dir='ltr'>deren</span> <span class='ocrx_word' id='word_1_234' title='bbox 170 3260 350 3337; x_wconf 75' lang='lat' dir='ltr'>menschen,</span> <span class='ocrx_word' id='word_1_235' title='bbox 374 3259 454 3326; x_wconf 85' lang='lat' dir='ltr'>auch</span> <span class='ocrx_word' id='word_1_236' title='bbox 474 3260 536 3324; x_wconf 87' lang='lat' dir='ltr'>ires</span> <span class='ocrx_word' id='word_1_237' title='bbox 550 3260 648 3324; x_wconf 88' lang='lat' dir='ltr'>thuns</span> <span class='ocrx_word' id='word_1_238' title='bbox 665 3259 822 3342; x_wconf 84' lang='lat' dir='ltr'>annimpt,</span> <span class='ocrx_word' id='word_1_239' title='bbox 847 3258 1020 3344; x_wconf 84' lang='lat' dir='ltr'>gedencket</span> <span class='ocrx_word' id='word_1_240' title='bbox 1034 3283 1076 3340; x_wconf 88' lang='lat' dir='ltr'>or,</span> <span class='ocrx_word' id='word_1_241' title='bbox 1097 3262 1132 3346; x_wconf 79' lang='lat' dir='ltr'>je</span> <span class='ocrx_word' id='word_1_242' title='bbox 1147 3263 1205 3326; x_wconf 88' lang='lat' dir='ltr'>ists</span> 
     </span>
     <span class='ocr_line' id='line_1_29' title="bbox 60 3359 1204 3452; baseline 0 -23"><span class='ocrx_word' id='word_1_243' title='bbox 60 3387 112 3449; x_wconf 80' lang='lat' dir='ltr'>gar</span> <span class='ocrx_word' id='word_1_244' title='bbox 135 3366 249 3452; x_wconf 84' lang='lat' dir='ltr'>gewis,</span> <span class='ocrx_word' id='word_1_245' title='bbox 280 3385 314 3428; x_wconf 91' lang='lat' dir='ltr'>er</span> <span class='ocrx_word' id='word_1_246' title='bbox 343 3359 430 3429; x_wconf 78' lang='lat' dir='ltr'>kind</span> <span class='ocrx_word' id='word_1_247' title='bbox 459 3364 493 3427; x_wconf 93' lang='lat' dir='ltr'>in</span> <span class='ocrx_word' id='word_1_248' title='bbox 517 3363 577 3427; x_wconf 89' lang='lat' dir='ltr'>mit</span> <span class='ocrx_word' id='word_1_249' title='bbox 600 3364 709 3427; x_wconf 85' lang='lat' dir='ltr'>scincn</span> <span class='ocrx_word' id='word_1_250' title='bbox 731 3363 949 3448; x_wconf 78' lang='lat' dir='ltr'>gewltnlichen</span> <span class='ocrx_word' id='word_1_251' title='bbox 972 3364 1115 3429; x_wconf 88' lang='lat' dir='ltr'>wercken</span> <span class='ocrx_word' id='word_1_252' title='bbox 1139 3366 1204 3430; x_wconf 89' lang='lat' dir='ltr'>und</span> 
     </span>
     <span class='ocr_line' id='line_1_30' title="bbox 61 3468 1204 3554; baseline 0.002 -21"><span class='ocrx_word' id='word_1_253' title='bbox 61 3473 193 3554; x_wconf 82' lang='lat' dir='ltr'>opfferen</span> <span class='ocrx_word' id='word_1_254' title='bbox 216 3477 391 3547; x_wconf 72' lang='lat' dir='ltr'>versonen,</span> <span class='ocrx_word' id='word_1_255' title='bbox 426 3469 473 3534; x_wconf 87' lang='lat' dir='ltr'>als</span> <span class='ocrx_word' id='word_1_256' title='bbox 501 3470 556 3532; x_wconf 90' lang='lat' dir='ltr'>der</span> <span class='ocrx_word' id='word_1_257' title='bbox 584 3468 635 3532; x_wconf 90' lang='lat' dir='ltr'>nit</span> <span class='ocrx_word' id='word_1_258' title='bbox 665 3490 700 3533; x_wconf 86' lang='lat' dir='ltr'>so</span> <span class='ocrx_word' id='word_1_259' title='bbox 722 3487 870 3552; x_wconf 81' lang='lat' dir='ltr'>graneam</span> <span class='ocrx_word' id='word_1_260' title='bbox 894 3469 956 3546; x_wconf 90' lang='lat' dir='ltr'>ist,</span> <span class='ocrx_word' id='word_1_261' title='bbox 992 3469 1051 3532; x_wconf 84' lang='lat' dir='ltr'>wie</span> <span class='ocrx_word' id='word_1_262' title='bbox 1073 3493 1147 3534; x_wconf 81' lang='lat' dir='ltr'>mun</span> <span class='ocrx_word' id='word_1_263' title='bbox 1170 3471 1204 3535; x_wconf 93' lang='lat' dir='ltr'>in</span> 
     </span>
     <span class='ocr_line' id='line_1_31' title="bbox 61 3577 188 3642; baseline 0.031 -4"><span class='ocrx_word' id='word_1_264' title='bbox 61 3577 188 3642; x_wconf 78' lang='lat' dir='ltr'>machot.</span> 
     </span>
    </p>

    <p class='ocr_par' dir='ltr' id='par_1_6' title="bbox 60 3679 1244 4289">
     <span class='ocr_line' id='line_1_32' title="bbox 60 3679 1205 3764; baseline 0 -20"><span class='ocrx_word' id='word_1_265' title='bbox 60 3679 96 3745; x_wconf 80' lang='lat' dir='ltr'>de</span> <span class='ocrx_word' id='word_1_266' title='bbox 116 3683 216 3748; x_wconf 89' lang='lat' dir='ltr'>under</span> <span class='ocrx_word' id='word_1_267' title='bbox 239 3683 309 3748; x_wconf 89' lang='lat' dir='ltr'>dem</span> <span class='ocrx_word' id='word_1_268' title='bbox 333 3681 441 3746; x_wconf 89' lang='lat' dir='ltr'>schein</span> <span class='ocrx_word' id='word_1_269' title='bbox 466 3679 520 3743; x_wconf 92' lang='lat' dir='ltr'>der</span> <span class='ocrx_word' id='word_1_270' title='bbox 543 3679 774 3764; x_wconf 82' lang='lat' dir='ltr'>gerechtigkeit</span> <span class='ocrx_word' id='word_1_271' title='bbox 806 3679 862 3743; x_wconf 82' lang='lat' dir='ltr'>hat</span> <span class='ocrx_word' id='word_1_272' title='bbox 892 3700 925 3742; x_wconf 89' lang='lat' dir='ltr'>er</span> <span class='ocrx_word' id='word_1_273' title='bbox 955 3679 1005 3743; x_wconf 88' lang='lat' dir='ltr'>nit</span> <span class='ocrx_word' id='word_1_274' title='bbox 1034 3679 1130 3743; x_wconf 84' lang='lat' dir='ltr'>ellein</span> <span class='ocrx_word' id='word_1_275' title='bbox 1155 3681 1205 3744; x_wconf 88' lang='lat' dir='ltr'>die</span> 
     </span>
     <span class='ocr_line' id='line_1_33' title="bbox 60 3783 1244 3870; baseline -0.001 -20"><span class='ocrx_word' id='word_1_276' title='bbox 60 3792 168 3869; x_wconf 75' lang='lat' dir='ltr'>gentse</span> <span class='ocrx_word' id='word_1_277' title='bbox 188 3787 266 3853; x_wconf 84' lang='lat' dir='ltr'>wclt</span> <span class='ocrx_word' id='word_1_278' title='bbox 287 3809 328 3852; x_wconf 84' lang='lat' dir='ltr'>en</span> <span class='ocrx_word' id='word_1_279' title='bbox 352 3784 420 3850; x_wconf 87' lang='lat' dir='ltr'>sich</span> <span class='ocrx_word' id='word_1_280' title='bbox 440 3783 625 3870; x_wconf 80' lang='lat' dir='ltr'>gehenoket‚</span> <span class='ocrx_word' id='word_1_281' title='bbox 649 3785 762 3848; x_wconf 90' lang='lat' dir='ltr'>sonder</span> <span class='ocrx_word' id='word_1_282' title='bbox 785 3783 867 3848; x_wconf 83' lang='lat' dir='ltr'>euch</span> <span class='ocrx_word' id='word_1_283' title='bbox 890 3783 961 3867; x_wconf 74' lang='lat'>[54]</span> <span class='ocrx_word' id='word_1_284' title='bbox 984 3783 1029 3848; x_wconf 86' lang='lat' dir='ltr'>ist</span> <span class='ocrx_word' id='word_1_285' title='bbox 1052 3783 1117 3848; x_wconf 87' lang='lat' dir='ltr'>also</span> <span class='ocrx_word' id='word_1_286' title='bbox 1133 3806 1203 3849; x_wconf 90' lang='lat' dir='ltr'>ver·</span> <span class='ocrx_word' id='word_1_287' title='bbox 1242 3805 1244 3810; x_wconf 80' lang='grc'><strong>’</strong></span> 
     </span>
     <span class='ocr_line' id='line_1_34' title="bbox 60 3889 1202 3975; baseline 0 -21"><span class='ocrx_word' id='word_1_288' title='bbox 60 3893 161 3956; x_wconf 88' lang='lat' dir='ltr'>wehnt</span> <span class='ocrx_word' id='word_1_289' title='bbox 182 3893 248 3958; x_wconf 92' lang='lat' dir='ltr'>und</span> <span class='ocrx_word' id='word_1_290' title='bbox 272 3891 442 3975; x_wconf 81' lang='lat' dir='ltr'>mdtwillig</span> <span class='ocrx_word' id='word_1_291' title='bbox 461 3889 598 3967; x_wconf 86' lang='lat' dir='ltr'>worden,</span> <span class='ocrx_word' id='word_1_292' title='bbox 623 3890 677 3954; x_wconf 82' lang='lat' dir='ltr'>das</span> <span class='ocrx_word' id='word_1_293' title='bbox 693 3910 727 3952; x_wconf 88' lang='lat' dir='ltr'>cr</span> <span class='ocrx_word' id='word_1_294' title='bbox 742 3890 792 3954; x_wconf 90' lang='lat' dir='ltr'>nit</span> <span class='ocrx_word' id='word_1_295' title='bbox 808 3909 886 3973; x_wconf 83' lang='lat' dir='ltr'>geru</span> <span class='ocrx_word' id='word_1_296' title='bbox 903 3889 995 3952; x_wconf 87' lang='lat' dir='ltr'>einen</span> <span class='ocrx_word' id='word_1_297' title='bbox 1011 3889 1202 3973; x_wconf 81' lang='lat' dir='ltr'>geweltigen</span> 
     </span>
     <span class='ocr_line' id='line_1_35' title="bbox 60 3991 1202 4078; baseline -0.001 -20"><span class='ocrx_word' id='word_1_298' title='bbox 60 3995 150 4063; x_wconf 85' lang='lat' dir='ltr'>herrn</span> <span class='ocrx_word' id='word_1_299' title='bbox 172 4019 244 4063; x_wconf 85' lang='lat' dir='ltr'>zum</span> <span class='ocrx_word' id='word_1_300' title='bbox 266 3997 430 4061; x_wconf 83' lang='lat' dir='ltr'>neohburn</span> <span class='ocrx_word' id='word_1_301' title='bbox 453 3994 518 4059; x_wconf 80' lang='lat' dir='ltr'>hat.</span> <span class='ocrx_word' id='word_1_302' title='bbox 566 3995 658 4059; x_wconf 87' lang='lat' dir='ltr'>Denn</span> <span class='ocrx_word' id='word_1_303' title='bbox 688 4015 721 4059; x_wconf 86' lang='lat' dir='ltr'>er</span> <span class='ocrx_word' id='word_1_304' title='bbox 744 3994 813 4059; x_wconf 85' lang='lat' dir='ltr'>wile</span> <span class='ocrx_word' id='word_1_305' title='bbox 836 4015 893 4078; x_wconf 86' lang='lat' dir='ltr'>gar</span> <span class='ocrx_word' id='word_1_306' title='bbox 915 3991 981 4055; x_wconf 91' lang='lat' dir='ltr'>und</span> <span class='ocrx_word' id='word_1_307' title='bbox 1002 3992 1101 4056; x_wconf 81' lang='lat' dir='ltr'>allein</span> <span class='ocrx_word' id='word_1_308' title='bbox 1124 3994 1202 4072; x_wconf 86' lang='lat' dir='ltr'>sein,</span> 
     </span>
     <span class='ocr_line' id='line_1_36' title="bbox 60 4096 1202 4188; baseline -0.003 -23"><span class='ocrx_word' id='word_1_309' title='bbox 60 4102 113 4168; x_wconf 86' lang='lat' dir='ltr'>wie</span> <span class='ocrx_word' id='word_1_310' title='bbox 134 4125 209 4168; x_wconf 87' lang='lat' dir='ltr'>men</span> <span class='ocrx_word' id='word_1_311' title='bbox 233 4102 291 4167; x_wconf 84' lang='lat' dir='ltr'>offt</span> <span class='ocrx_word' id='word_1_312' title='bbox 313 4101 466 4188; x_wconf 84' lang='lat' dir='ltr'>geschen,</span> <span class='ocrx_word' id='word_1_313' title='bbox 498 4101 552 4165; x_wconf 80' lang='lat' dir='ltr'>des</span> <span class='ocrx_word' id='word_1_314' title='bbox 584 4123 617 4164; x_wconf 90' lang='lat' dir='ltr'>er</span> <span class='ocrx_word' id='word_1_315' title='bbox 639 4101 794 4166; x_wconf 78' lang='lat' dir='ltr'>munchen</span> <span class='ocrx_word' id='word_1_316' title='bbox 816 4100 873 4164; x_wconf 82' lang='lat' dir='ltr'>hat</span> <span class='ocrx_word' id='word_1_317' title='bbox 895 4097 1011 4162; x_wconf 86' lang='lat' dir='ltr'>helffen</span> <span class='ocrx_word' id='word_1_318' title='bbox 1034 4096 1202 4162; x_wconf 78' lang='lat' dir='ltr'>aueheben.</span> 
     </span>
     <span class='ocr_line' id='line_1_37' title="bbox 60 4202 1204 4289; baseline -0.005 -17"><span class='ocrx_word' id='word_1_319' title='bbox 60 4203 97 4271; x_wconf 77' lang='lat' dir='ltr'>Es</span> <span class='ocrx_word' id='word_1_320' title='bbox 118 4209 175 4272; x_wconf 82' lang='lat' dir='ltr'>het</span> <span class='ocrx_word' id='word_1_321' title='bbox 196 4209 241 4272; x_wconf 94' lang='lat' dir='ltr'>im</span> <span class='ocrx_word' id='word_1_322' title='bbox 265 4207 340 4271; x_wconf 83' lang='lat' dir='ltr'>aber</span> <span class='ocrx_word' id='word_1_323' title='bbox 362 4205 504 4271; x_wconf 86' lang='lat' dir='ltr'>denuoch</span> <span class='ocrx_word' id='word_1_324' title='bbox 527 4205 575 4269; x_wconf 91' lang='lat' dir='ltr'>dis</span> <span class='ocrx_word' id='word_1_325' title='bbox 596 4206 661 4274; x_wconf 81' lang='lat' dir='ltr'>mel</span> <span class='ocrx_word' id='word_1_326' title='bbox 683 4205 819 4289; x_wconf 85' lang='lat' dir='ltr'>gefelet,</span> <span class='ocrx_word' id='word_1_327' title='bbox 854 4203 913 4266; x_wconf 90' lang='lat' dir='ltr'>wie</span> <span class='ocrx_word' id='word_1_328' title='bbox 935 4203 1020 4266; x_wconf 86' lang='lat' dir='ltr'>dann</span> <span class='ocrx_word' id='word_1_329' title='bbox 1044 4202 1121 4266; x_wconf 83' lang='lat' dir='ltr'>Gott</span> <span class='ocrx_word' id='word_1_330' title='bbox 1143 4203 1204 4267; x_wconf 86' lang='lat' dir='ltr'>alle</span> 
     </span>
    </p>
   </div>
   <div class='ocr_carea' id='block_1_5' title="bbox 60 4306 1203 4397">
    <p class='ocr_par' dir='ltr' id='par_1_7' title="bbox 60 4306 1203 4397">
     <span class='ocr_line' id='line_1_38' title="bbox 60 4306 1203 4397; baseline -0.003 -23"><span class='ocrx_word' id='word_1_331' title='bbox 60 4311 132 4397; x_wconf 83' lang='lat' dir='ltr'>ding</span> <span class='ocrx_word' id='word_1_332' title='bbox 156 4312 337 4376; x_wconf 88' lang='lat' dir='ltr'>besohiekct</span> <span class='ocrx_word' id='word_1_333' title='bbox 359 4311 423 4375; x_wconf 92' lang='lat' dir='ltr'>uud</span> <span class='ocrx_word' id='word_1_334' title='bbox 446 4311 623 4374; x_wconf 87' lang='lat' dir='ltr'>verordnet.</span> <span class='ocrx_word' id='word_1_335' title='bbox 670 4310 743 4374; x_wconf 91' lang='lat' dir='ltr'>Und</span> <span class='ocrx_word' id='word_1_336' title='bbox 774 4308 895 4380; x_wconf 87' lang='lat' dir='ltr'>wiewol</span> <span class='ocrx_word' id='word_1_337' title='bbox 917 4306 953 4370; x_wconf 82' lang='lat' dir='ltr'>E.</span> <span class='ocrx_word' id='word_1_338' title='bbox 978 4306 1021 4370; x_wconf 92' lang='lat' dir='ltr'>M.</span> <span class='ocrx_word' id='word_1_339' title='bbox 1045 4308 1079 4370; x_wconf 90' lang='lat' dir='ltr'>in</span> <span class='ocrx_word' id='word_1_340' title='bbox 1104 4307 1203 4370; x_wconf 84' lang='lat' dir='ltr'>disem</span> 
     </span>
    </p>
   </div>
   <div class='ocr_carea' id='block_1_6' title="bbox 59 4410 1202 4571">
    <p class='ocr_par' dir='ltr' id='par_1_8' title="bbox 59 4410 1202 4571">
     <span class='ocr_line' id='line_1_39' title="bbox 59 4410 1202 4568; baseline -0.006 -89"><span class='ocrx_word' id='word_1_341' title='bbox 59 4413 267 4485; x_wconf 82' lang='lat' dir='ltr'>Christliohen</span> <span class='ocrx_word' id='word_1_342' title='bbox 291 4416 414 4494; x_wconf 82' lang='lat' dir='ltr'>handel,</span> <span class='ocrx_word' id='word_1_343' title='bbox 439 4415 477 4478; x_wconf 83' lang='lat' dir='ltr'>de</span> <span class='ocrx_word' id='word_1_344' title='bbox 500 4414 555 4478; x_wconf 89' lang='lat' dir='ltr'>der</span> <span class='ocrx_word' id='word_1_345' title='bbox 576 4413 650 4479; x_wconf 87' lang='lat' dir='ltr'>welt</span> <span class='ocrx_word' id='word_1_346' title='bbox 672 4413 737 4477; x_wconf 90' lang='lat' dir='ltr'>heil</span> <span class='ocrx_word' id='word_1_347' title='bbox 759 4413 824 4477; x_wconf 90' lang='lat' dir='ltr'>und</span> <span class='ocrx_word' id='word_1_348' title='bbox 843 4412 921 4477; x_wconf 86' lang='lat' dir='ltr'>aller</span> <span class='ocrx_word' id='word_1_349' title='bbox 934 4410 1109 4568; x_wconf 64' lang='lat' dir='ltr'>lmepschen</span> <span class='ocrx_word' id='word_1_350' title='bbox 1124 4410 1202 4474; x_wconf 89' lang='lat' dir='ltr'>wol-</span> 
     </span>
     <span class='ocr_line' id='line_1_40' title="bbox 951 4516 967 4571; baseline 0 0"><span class='ocrx_word' id='word_1_351' title='bbox 951 4516 967 4571; x_wconf 78' lang='lat'>5</span> 
     </span>
    </p>
   </div>
   <div class='ocr_carea' id='block_1_7' title="bbox 0 0 1470 4998">
    <p class='ocr_par' dir='ltr' id='par_1_9' title="bbox 0 0 1470 4998">
     <span class='ocr_line' id='line_1_41' title="bbox 0 0 1470 4998; baseline 0 3"><span class='ocrx_word' id='word_1_352' title='bbox 0 0 1470 4998; x_wconf 95' lang='lat' dir='ltr'> </span> 
     </span>
    </p>
   </div>
  </div>
 </body>
</html>
