2902 4996
720 333 723 346 '
773 325 832 386 142

229 492 341 572 Oaesar,
364 495 599 579 impertivisset,
623 495 836 560 immortalem
859 495 915 560 ille
937 500 969 561 et
991 497 1125 564 solidam
1148 499 1260 566 fuisset
1284 503 1374 566 meri·

228 605 280 664 tus
295 600 429 664 laudem.
462 601 552 678 Quod
569 600 659 665 hodie
676 601 784 684 pulcre
796 601 932 682 judicari
955 608 1068 686 potest,
1093 607 1219 689 quando
1242 612 1374 685 constat,
1441 593 1442 688 i

229 727 354 770 oausam
377 705 458 770 hano
482 714 596 790 prester
620 705 762 769 omnium
786 705 951 770 hominum
967 712 1218 792 expectationem
1234 713 1375 798 ingentes

228 810 384 894 accepisse
415 810 507 874 vires.
554 810 673 876 Verum
707 812 784 875 adeo
816 833 919 876 cressa
949 813 1012 877 fuit
1040 838 1097 899 per
1127 817 1162 880 id·
1191 822 1316 901 tempus
1349 823 1377 881 et

229 917 326 980 densa
354 937 460 980 rerum
492 916 674 1000 ignoratio,
710 921 746 980 ut
776 916 982 982 irradiantem
1013 919 1113 986 lucem
1143 923 1183 987 ab
1207 946 1240 986 se
1262 924 1377 987 vellent
1441 923 1442 1000 l

229 1022 326 1085 etiam
348 1041 453 1085 arcere
476 1025 509 1086 et
531 1022 655 1086 amoliri
685 1022 846 1100 homines,
882 1024 1119 1104 existimantes,
1153 1033 1190 1091 ut
1218 1033 1267 1093 est
1299 1030 1376 1113 apud

232 1123 412 1204 Platonem,
436 1126 560 1192 nullum
584 1148 650 1191 esse
673 1126 785 1191 melius
808 1131 864 1190 eut
886 1127 1043 1194 illustrius
1064 1131 1139 1196 vites
1160 1154 1261 1216 genus
1286 1155 1376 1216 quarn
1441 1125 1442 1192 l

206 1232 208 1236 ’
230 1230 318 1308 illud,
343 1231 377 1294 in
400 1252 463 1314 quo
485 1233 553 1294 tam
575 1231 673 1316 longo
696 1235 838 1315 tempore
861 1238 965 1296 essent
988 1236 1112 1300 versati.
1148 1236 1260 1302 Potest
1283 1238 1376 1324 igitur

230 1337 289 1402 hac
311 1337 434 1401 ratione
448 1336 658 1420 probabiliter
674 1336 825 1415 excusari,
850 1338 933 1420 quod
949 1337 1043 1402 initio
1058 1342 1256 1407 restiterunt.
1289 1343 1377 1408 Nunc
1441 1335 1442 1366 ³

230 1445 356 1521 autem,
392 1441 517 1525 quando
551 1445 681 1525 propter
711 1442 862 1525 temporis
893 1443 1098 1509 intervallum
1127 1448 1290 1532 ignoratio
1318 1471 1376 1514 non
1441 1437 1442 1475 ³

229 1550 336 1630 potest
358 1567 422 1611 non
446 1567 513 1610 esse
535 1547 704 1630 conjuncta
728 1569 799 1610 oum
821 1547 1052 1629 obstinatione,
1079 1551 1176 1639 longe
1199 1555 1295 1619 aliter
1317 1559 1376 1618 sta-

229 1652 383 1717 tuendum
405 1656 464 1730 est,
488 1655 582 1735 etque
604 1649 830 1715 consideranda
853 1656 929 1715 sunt
950 1651 1060 1732 initia,
1089 1656 1324 1723 incrementum
1346 1663 1374 1722 et

231 1780 424 1842 progressus.

230 1863 279 1928 Ac
301 1863 459 1947 principio
490 1862 636 1946 quidem,
670 1865 812 1945 tempore
835 1861 949 1926 Leonis
983 1866 1161 1946 pontificis,
1196 1872 1291 1934 tanta
1321 1869 1377 1932 fuit
1441 1866 1442 1901 ³

232 1969 336 2054 caligo
358 1973 390 2033 et
413 1969 539 2033 foeditas
562 1968 596 2030 in
620 1966 834 2032 Christianam
865 1968 988 2032 invecta
1018 1970 1315 2056 do[Mij]ctrinam,
1346 1978 1377 2036 ut
1440 1969 1442 2005 ³

231 2076 327 2140 etiam
351 2077 462 2141 eaelum
484 2076 587 2159 pretio
610 2075 816 2152 venderetur,
851 2079 917 2139 tam
942 2097 1006 2141 non
1036 2077 1246 2157 infeliciter,
1264 2084 1301 2143 ut
1327 2101 1375 2142 ne·
1441 2076 1442 2114 ³

232 2180 405 2264 gotiatores
427 2181 506 2265 ipsi,
539 2179 619 2244 bene
642 2179 801 2244 distractis
830 2180 1003 2260 mercibus,
1038 2204 1102 2246 non
1126 2183 1222 2248 semel
1245 2185 1377 2249 redirent
1440 2191 1442 2217 ³

232 2284 266 2349 in
288 2286 396 2350 eedem
419 2286 497 2364 loca,
526 2289 665 2370 quaestus
686 2285 842 2350 uberioris
865 2287 978 2371 gratia.

798 2408 815 2447 s

231 2496 302 2560 dem
324 2496 421 2562 liecht
443 2497 499 2561 hat
522 2489 635 2563 wtillen
665 2496 813 2576 wehren,
849 2497 914 2561 und
948 2497 1003 2560 das
1034 2521 1108 2564 man
1139 2498 1290 2578 wdhnet,
1324 2499 1375 2563 wie

230 2599 324 2666 Plato
355 2606 444 2686 sagt,
480 2625 512 2666 es
542 2625 623 2668 were
654 2603 728 2666 hein
759 2601 864 2665 besser
888 2602 938 2684 [7]
961 2602 1040 2666 noch
1075 2605 1179 2668 klarer
1210 2625 1313 2668 wesen
1342 2607 1384 2667 nd·

230 2707 417 2788 wunsohen,
451 2709 553 2774 weder
576 2708 651 2772 eben
677 2709 752 2786 das,
788 2707 900 2771 darinn
932 2729 1006 2772 man
1036 2729 1070 2772 so
1100 2708 1144 2772 vil
1171 2709 1312 2772 hundert
1329 2710 1374 2792 jar
1440 2709 1442 2747 ἶ

229 2815 412 2898 gewandert
436 2815 501 2881 hat.
546 2813 638 2880 Nach
666 2813 897 2879 menschiicher
929 2814 1078 2880 vernunst
1108 2814 1172 2876 und
1206 2813 1307 2877 durch
1329 2835 1374 2876 ar-

230 2924 403 3003 gumenten
427 2920 490 2984 lran
513 2941 604 2985 mans
627 2919 806 2984 dermassen
837 2918 1095 3004 eutsohuldigen,
1130 2920 1184 2984 das
1218 2941 1292 2982 man
1324 2941 1374 2982 en·
1441 2936 1442 2942 ’

230 3023 381 3110 fenglioh,
406 3025 460 3088 der
482 3027 595 3090 sachen
620 3047 655 3089 so
677 3023 792 3109 hefftig
814 3025 878 3088 und
903 3024 1002 3105 bitter
1020 3026 1154 3088 nuwider
1170 3047 1312 3108 gevvesen
1328 3024 1373 3086 ist.
1441 3035 1442 3064 ³

230 3128 334 3194 -Wenn
357 3153 430 3194 mun
454 3131 529 3195 aber
552 3133 633 3195 noch
656 3130 783 3215 heutigs
806 3133 895 3214 tage,
920 3129 954 3192 in
978 3129 1117 3215 gleioher
1141 3130 1295 3215 meinung
1316 3128 1373 3192 und
1441 3143 1442 3167 ³

230 3233 451 3320 verbitterung
473 3237 583 3301 stehen
607 3236 664 3313 sol,
690 3237 744 3300 slas
768 3257 848 3299 were
867 3236 902 3317 ja
924 3235 1077 3318 oldglioh,
1101 3234 1216 3297 wbllen
1240 3235 1320 3299 atich
1342 3236 1374 3296 nl

230 3337 294 3403 Got
317 3340 487 3418 verhoffen,
514 3340 549 3404 Ε.
575 3341 619 3404 Μ.
644 3341 746 3404 werde
770 3340 813 3404 vil
837 3340 887 3403 ein
912 3333 1141 3424 ander'gemdt
1163 3341 1302 3423 got'asset
1324 3338 1373 3400 ha·
1441 3329 1442 3380 f

229 3442 300 3506 ben.
338 3444 430 3509 Denn
453 3467 500 3509 wo
517 3444 553 3509 Ε.
570 3446 614 3509 Μ.
636 3446 686 3509 die
709 3445 785 3509 sach
808 3467 868 3508 von
893 3444 1015 3530 anfang
1037 3445 1086 3508 bis
1110 3443 1178 3508 auff
1197 3445 1248 3508 die
1271 3443 1374 3524 ietnige

228 3550 299 3626 neit,
324 3550 383 3614 mit
406 3551 475 3614 iren
498 3551 706 3615 umbstenden
729 3554 876 3635 erweget,
900 3551 959 3613 wie
982 3550 1066 3614 dann
1080 3530 1151 3613 ¹von
1175 3554 1283 3626 n'oten,
1308 3549 1373 3612 virt

229 3654 275 3718 sie
298 3655 442 3720 dennooh
464 3656 593 3741 allerley
616 3655 813 3720 bedenchens
837 3651 961 3719 missen
985 3655 1097 3719 haben.

316 3759 373 3824 Bei
386 3761 447 3825 neit
458 3761 511 3824 des
522 3761 637 3844 Bapsts
650 3759 723 3836 Leo,
740 3761 805 3823 und
820 3781 873 3824 vor
887 3749 941 3836 im,
955 3781 1021 3834 war
1036 3759 1142 3823 solohe
1153 3779 1264 3843 grosse
1275 3755 1372 3822 blind-

103 3932 105 3936 ,
229 3862 305 3941 heir,
325 3858 516 3950 'angosterey
539 3866 603 3928 rrnd
627 3865 743 3949 grewel
766 3865 798 3926 in
824 3864 879 3927 der
895 3861 1107 3928 Christliohen
1131 3862 1204 3940 lere,
1230 3863 1284 3926 das
1307 3881 1370 3924 man

228 3969 309 4032 auch
333 3970 387 4033 das
412 3968 596 4034 himelreioh
626 3969 690 4032 und
714 3969 790 4032 alles
813 3968 889 4032 umb
912 3968 979 4052 geIt
1001 3967 1058 4032 feil
1081 3966 1198 4030 anbote
1222 3968 1286 4031 und
1308 3986 1369 4028 ver-

228 4074 369 4151 kauffet,
408 4075 474 4139 und
498 4073 640 4138 wandert
661 4073 727 4136 dise
749 4073 1029 4136 lrauffmanschafft
1052 4071 1150 4136 durch
1173 4072 1235 4136 alle
1258 4070 1370 4152 Kdnig-
1441 4077 1442 4080 ’

229 4179 326 4256 reich,
344 4180 446 4264 gieng
469 4179 528 4244 wol
551 4201 612 4243 von
635 4179 690 4242 der
705 4179 815 4256 handt,
841 4177 921 4242 auch
938 4179 1127 4255 dermassen,
1144 4178 1207 4266 das
1224 4178 1273 4241 die
1288 4173 1369 4239 haul·
1441 4181 1442 4186 ’

228 4283 296 4347 lent
318 4307 358 4348 nn
382 4284 436 4348 der
457 4285 614 4368 bezalung
637 4284 686 4348 ein
712 4277 851 4367 bendges
867 4282 996 4368 gehabt,
1021 4285 1085 4346 und
1102 4283 1161 4345 den
1177 4283 1284 4347 selben
1300 4297 1368 4362 weg,
1441 4295 1442 4302 ’

228 4388 280 4454 nit
302 4411 363 4453 nur
385 4389 437 4454 ein
459 4391 523 4454 mal
546 4389 643 4456 vvider
665 4388 801 4475 gestoht
821 4387 935 4452 haben.
