<?xml version="1.0" encoding="UTF-8"?>
<!DOCTYPE html PUBLIC "-//W3C//DTD XHTML 1.0 Transitional//EN"
    "http://www.w3.org/TR/xhtml1/DTD/xhtml1-transitional.dtd">
<html xmlns="http://www.w3.org/1999/xhtml" xml:lang="en" lang="en">
 <head>
  <title>
</title>
<meta http-equiv="Content-Type" content="text/html;charset=utf-8" />
  <meta name='ocr-system' content='tesseract 3.04.00' />
  <meta name='ocr-capabilities' content='ocr_page ocr_carea ocr_par ocr_line ocrx_word'/>
</head>
<body>
  <div class='ocr_page' id='page_1' title='image "./zweiredenankais00bhgoog/zweiredenankais00bhgoog_0112.png"; bbox 0 0 2902 4996; ppageno 0'>
   <div class='ocr_carea' id='block_1_1' title="bbox 816 333 878 395">
    <p class='ocr_par' dir='ltr' id='par_1_1' title="bbox 816 333 878 395">
     <span class='ocr_line' id='line_1_1' title="bbox 816 333 878 395; baseline 0 0"><span class='ocrx_word' id='word_1_1' title='bbox 816 333 878 395; x_wconf 92' lang='grc'>100</span> 
     </span>
    </p>
   </div>
   <div class='ocr_carea' id='block_1_2' title="bbox 175 502 1412 2691">
    <p class='ocr_par' dir='ltr' id='par_1_2' title="bbox 175 502 1412 2691">
     <span class='ocr_line' id='line_1_2' title="bbox 272 502 1406 594; baseline -0.006 -19"><span class='ocrx_word' id='word_1_2' title='bbox 272 510 544 594; x_wconf 76' lang='lat' dir='ltr'>conquererentur</span> <span class='ocrx_word' id='word_1_3' title='bbox 566 527 692 571; x_wconf 88' lang='lat' dir='ltr'>omnes:</span> <span class='ocrx_word' id='word_1_4' title='bbox 716 505 800 585; x_wconf 89' lang='lat' dir='ltr'>cedo,</span> <span class='ocrx_word' id='word_1_5' title='bbox 824 526 901 569; x_wconf 91' lang='lat' dir='ltr'>num</span> <span class='ocrx_word' id='word_1_6' title='bbox 924 502 962 568; x_wconf 90' lang='lat' dir='ltr'>ad</span> <span class='ocrx_word' id='word_1_7' title='bbox 985 503 1073 567; x_wconf 92' lang='lat' dir='ltr'>illam</span> <span class='ocrx_word' id='word_1_8' title='bbox 1096 503 1255 588; x_wconf 77' lang='lat' dir='ltr'>publicam</span> <span class='ocrx_word' id='word_1_9' title='bbox 1279 504 1406 568; x_wconf 90' lang='lat' dir='ltr'>omnium</span> 
     </span>
     <span class='ocr_line' id='line_1_3' title="bbox 270 609 1407 699; baseline -0.007 -19"><span class='ocrx_word' id='word_1_10' title='bbox 270 615 499 699; x_wconf 88' lang='lat' dir='ltr'>querimoniam</span> <span class='ocrx_word' id='word_1_11' title='bbox 530 611 570 675; x_wconf 90' lang='lat' dir='ltr'>iis</span> <span class='ocrx_word' id='word_1_12' title='bbox 602 611 699 694; x_wconf 87' lang='lat' dir='ltr'>ipsis,</span> <span class='ocrx_word' id='word_1_13' title='bbox 734 611 791 694; x_wconf 88' lang='lat' dir='ltr'>qui</span> <span class='ocrx_word' id='word_1_14' title='bbox 822 614 926 675; x_wconf 86' lang='lat' dir='ltr'>essent</span> <span class='ocrx_word' id='word_1_15' title='bbox 958 609 1111 688; x_wconf 88' lang='lat' dir='ltr'>accusati,</span> <span class='ocrx_word' id='word_1_16' title='bbox 1143 610 1353 694; x_wconf 90' lang='lat' dir='ltr'>permittenda</span> <span class='ocrx_word' id='word_1_17' title='bbox 1372 610 1407 673; x_wconf 90' lang='lat' dir='ltr'>sit</span> 
     </span>
     <span class='ocr_line' id='line_1_4' title="bbox 175 703 1406 800; baseline -0.005 -15"><span class='ocrx_word' id='word_1_18' title='bbox 175 703 179 711; x_wconf 40' lang='lat'>¹</span> <span class='ocrx_word' id='word_1_19' title='bbox 269 720 477 785; x_wconf 91' lang='lat' dir='ltr'>formularum</span> <span class='ocrx_word' id='word_1_20' title='bbox 500 721 531 780; x_wconf 89' lang='lat' dir='ltr'>et</span> <span class='ocrx_word' id='word_1_21' title='bbox 551 715 634 800; x_wconf 90' lang='lat' dir='ltr'>juris</span> <span class='ocrx_word' id='word_1_22' title='bbox 656 716 858 780; x_wconf 73' lang='lat' dir='ltr'>emendatio?</span> <span class='ocrx_word' id='word_1_23' title='bbox 903 714 1095 800; x_wconf 81' lang='lat' dir='ltr'>Fingamus,</span> <span class='ocrx_word' id='word_1_24' title='bbox 1125 714 1177 780; x_wconf 89' lang='lat' dir='ltr'>hic</span> <span class='ocrx_word' id='word_1_25' title='bbox 1200 717 1284 800; x_wconf 86' lang='lat' dir='ltr'>apud</span> <span class='ocrx_word' id='word_1_26' title='bbox 1306 716 1406 779; x_wconf 84' lang='lat' dir='ltr'>cosin</span> 
     </span>
     <span class='ocr_line' id='line_1_5' title="bbox 270 819 1406 904; baseline -0.005 -15"><span class='ocrx_word' id='word_1_27' title='bbox 270 825 440 889; x_wconf 82' lang='lat' dir='ltr'>Germania</span> <span class='ocrx_word' id='word_1_28' title='bbox 459 825 605 886; x_wconf 87' lang='lat' dir='ltr'>senatum</span> <span class='ocrx_word' id='word_1_29' title='bbox 621 843 686 885; x_wconf 89' lang='lat' dir='ltr'>esse</span> <span class='ocrx_word' id='word_1_30' title='bbox 702 819 950 896; x_wconf 67' lang='lat' dir='ltr'>cardinalium,</span> <span class='ocrx_word' id='word_1_31' title='bbox 974 820 1065 884; x_wconf 88' lang='lat' dir='ltr'>illum</span> <span class='ocrx_word' id='word_1_32' title='bbox 1089 819 1167 899; x_wconf 92' lang='lat' dir='ltr'>dico,</span> <span class='ocrx_word' id='word_1_33' title='bbox 1196 843 1290 904; x_wconf 92' lang='lat' dir='ltr'>quem</span> <span class='ocrx_word' id='word_1_34' title='bbox 1312 824 1406 884; x_wconf 90' lang='lat' dir='ltr'>tanto-</span> 
     </span>
     <span class='ocr_line' id='line_1_6' title="bbox 268 926 1405 1014; baseline -0.006 -19"><span class='ocrx_word' id='word_1_35' title='bbox 268 953 342 1014; x_wconf 88' lang='lat' dir='ltr'>pere</span> <span class='ocrx_word' id='word_1_36' title='bbox 365 929 567 1013; x_wconf 83' lang='lat' dir='ltr'>suspicimus,</span> <span class='ocrx_word' id='word_1_37' title='bbox 601 926 820 1004; x_wconf 86' lang='lat' dir='ltr'>observamus,</span> <span class='ocrx_word' id='word_1_38' title='bbox 853 947 1032 990; x_wconf 86' lang='lat' dir='ltr'>reveremur</span> <span class='ocrx_word' id='word_1_39' title='bbox 1055 930 1086 990; x_wconf 90' lang='lat' dir='ltr'>et</span> <span class='ocrx_word' id='word_1_40' title='bbox 1109 926 1303 991; x_wconf 86' lang='lat' dir='ltr'>admiramur</span> <span class='ocrx_word' id='word_1_41' title='bbox 1325 948 1405 990; x_wconf 86' lang='lat' dir='ltr'>sena·</span> 
     </span>
     <span class='ocr_line' id='line_1_7' title="bbox 269 1021 1407 1116; baseline -0.005 -18"><span class='ocrx_word' id='word_1_42' title='bbox 269 1038 348 1099; x_wconf 85' lang='lat' dir='ltr'>tum.</span> <span class='ocrx_word' id='word_1_43' title='bbox 393 1033 510 1098; x_wconf 89' lang='lat' dir='ltr'>Videas</span> <span class='ocrx_word' id='word_1_44' title='bbox 539 1053 647 1096; x_wconf 87' lang='lat' dir='ltr'>omnes</span> <span class='ocrx_word' id='word_1_45' title='bbox 679 1031 848 1116; x_wconf 86' lang='lat' dir='ltr'>patricios,</span> <span class='ocrx_word' id='word_1_46' title='bbox 883 1021 1074 1114; x_wconf 86' lang='lat' dir='ltr'>praesertim¹</span> <span class='ocrx_word' id='word_1_47' title='bbox 1092 1031 1185 1109; x_wconf 76' lang='lat' dir='ltr'>illoc,</span> <span class='ocrx_word' id='word_1_48' title='bbox 1221 1031 1333 1116; x_wconf 91' lang='lat' dir='ltr'>quibus</span> <span class='ocrx_word' id='word_1_49' title='bbox 1359 1052 1407 1114; x_wconf 93' lang='lat' dir='ltr'>per</span> 
     </span>
     <span class='ocr_line' id='line_1_8' title="bbox 269 1135 1407 1220; baseline -0.007 -16"><span class='ocrx_word' id='word_1_50' title='bbox 269 1142 394 1204; x_wconf 88' lang='lat' dir='ltr'>aetatem</span> <span class='ocrx_word' id='word_1_51' title='bbox 417 1142 448 1202; x_wconf 91' lang='lat' dir='ltr'>et</span> <span class='ocrx_word' id='word_1_52' title='bbox 471 1136 682 1203; x_wconf 86' lang='lat' dir='ltr'>valetudinem</span> <span class='ocrx_word' id='word_1_53' title='bbox 706 1136 750 1199; x_wconf 91' lang='lat' dir='ltr'>sit</span> <span class='ocrx_word' id='word_1_54' title='bbox 772 1136 945 1220; x_wconf 82' lang='lat' dir='ltr'>integrum,</span> <span class='ocrx_word' id='word_1_55' title='bbox 969 1135 1015 1198; x_wconf 91' lang='lat' dir='ltr'>ita</span> <span class='ocrx_word' id='word_1_56' title='bbox 1036 1135 1151 1213; x_wconf 83' lang='lat' dir='ltr'>vivere,</span> <span class='ocrx_word' id='word_1_57' title='bbox 1176 1136 1267 1218; x_wconf 90' lang='lat' dir='ltr'>quasi</span> <span class='ocrx_word' id='word_1_58' title='bbox 1290 1135 1407 1218; x_wconf 86' lang='lat' dir='ltr'>cupiant</span> 
     </span>
     <span class='ocr_line' id='line_1_9' title="bbox 269 1238 1408 1332; baseline -0.006 -23"><span class='ocrx_word' id='word_1_59' title='bbox 269 1248 301 1309; x_wconf 84' lang='lat' dir='ltr'>et</span> <span class='ocrx_word' id='word_1_60' title='bbox 322 1243 424 1308; x_wconf 83' lang='lat' dir='ltr'>velint</span> <span class='ocrx_word' id='word_1_61' title='bbox 445 1263 538 1306; x_wconf 89' lang='lat' dir='ltr'>omne</span> <span class='ocrx_word' id='word_1_62' title='bbox 560 1261 660 1326; x_wconf 82' lang='lat' dir='ltr'>genus</span> <span class='ocrx_word' id='word_1_63' title='bbox 690 1241 891 1323; x_wconf 83' lang='lat' dir='ltr'>voluptatum</span> <span class='ocrx_word' id='word_1_64' title='bbox 920 1238 973 1303; x_wconf 89' lang='lat' dir='ltr'>hie</span> <span class='ocrx_word' id='word_1_65' title='bbox 1002 1238 1188 1318; x_wconf 86' lang='lat' dir='ltr'>exhaurire,</span> <span class='ocrx_word' id='word_1_66' title='bbox 1224 1240 1314 1332; x_wconf 86' lang='lat' dir='ltr'>quasi</span> <span class='ocrx_word' id='word_1_67' title='bbox 1344 1243 1408 1324; x_wconf 86' lang='lat' dir='ltr'>post</span> 
     </span>
     <span class='ocr_line' id='line_1_10' title="bbox 269 1329 1409 1428; baseline -0.007 -14"><span class='ocrx_word' id='word_1_68' title='bbox 269 1353 404 1414; x_wconf 86' lang='lat' dir='ltr'>mortem</span> <span class='ocrx_word' id='word_1_69' title='bbox 433 1348 515 1412; x_wconf 91' lang='lat' dir='ltr'>nihil</span> <span class='ocrx_word' id='word_1_70' title='bbox 544 1329 587 1410; x_wconf 85' lang='lat' dir='ltr'>sit</span> <span class='ocrx_word' id='word_1_71' title='bbox 621 1345 701 1428; x_wconf 91' lang='lat' dir='ltr'>quod</span> <span class='ocrx_word' id='word_1_72' title='bbox 734 1346 866 1409; x_wconf 90' lang='lat' dir='ltr'>delectet</span> <span class='ocrx_word' id='word_1_73' title='bbox 895 1344 1048 1427; x_wconf 88' lang='lat' dir='ltr'>amplius;</span> <span class='ocrx_word' id='word_1_74' title='bbox 1082 1344 1187 1408; x_wconf 80' lang='lat' dir='ltr'>videas</span> <span class='ocrx_word' id='word_1_75' title='bbox 1216 1345 1336 1409; x_wconf 91' lang='lat' dir='ltr'>nullam</span> <span class='ocrx_word' id='word_1_76' title='bbox 1362 1365 1409 1407; x_wconf 89' lang='lat' dir='ltr'>eos</span> 
     </span>
     <span class='ocr_line' id='line_1_11' title="bbox 269 1448 1409 1535; baseline -0.007 -15"><span class='ocrx_word' id='word_1_77' title='bbox 269 1455 356 1521; x_wconf 92' lang='lat' dir='ltr'>obire</span> <span class='ocrx_word' id='word_1_78' title='bbox 379 1453 428 1518; x_wconf 87' lang='lat' dir='ltr'>vel</span> <span class='ocrx_word' id='word_1_79' title='bbox 451 1452 609 1535; x_wconf 87' lang='lat' dir='ltr'>suscipere</span> <span class='ocrx_word' id='word_1_80' title='bbox 631 1449 771 1512; x_wconf 88' lang='lat' dir='ltr'>muneris</span> <span class='ocrx_word' id='word_1_81' title='bbox 803 1448 1005 1514; x_wconf 88' lang='lat' dir='ltr'>ecelesiastici</span> <span class='ocrx_word' id='word_1_82' title='bbox 1039 1453 1181 1533; x_wconf 85' lang='lat' dir='ltr'>partem,</span> <span class='ocrx_word' id='word_1_83' title='bbox 1216 1472 1281 1515; x_wconf 89' lang='lat' dir='ltr'>non</span> <span class='ocrx_word' id='word_1_84' title='bbox 1312 1451 1409 1514; x_wconf 91' lang='lat' dir='ltr'>docere</span> 
     </span>
     <span class='ocr_line' id='line_1_12' title="bbox 269 1555 1408 1644; baseline -0.005 -20"><span class='ocrx_word' id='word_1_85' title='bbox 269 1579 458 1644; x_wconf 90' lang='lat' dir='ltr'>quenquam,</span> <span class='ocrx_word' id='word_1_86' title='bbox 482 1578 546 1620; x_wconf 89' lang='lat' dir='ltr'>non</span> <span class='ocrx_word' id='word_1_87' title='bbox 570 1555 688 1619; x_wconf 84' lang='lat' dir='ltr'>discere</span> <span class='ocrx_word' id='word_1_88' title='bbox 711 1555 880 1638; x_wconf 85' lang='lat' dir='ltr'>quicquam</span> <span class='ocrx_word' id='word_1_89' title='bbox 895 1555 935 1618; x_wconf 90' lang='lat' dir='ltr'>ab</span> <span class='ocrx_word' id='word_1_90' title='bbox 951 1555 1067 1638; x_wconf 86' lang='lat' dir='ltr'>aliquo,</span> <span class='ocrx_word' id='word_1_91' title='bbox 1091 1557 1144 1619; x_wconf 90' lang='lat' dir='ltr'>sed</span> <span class='ocrx_word' id='word_1_92' title='bbox 1157 1577 1266 1620; x_wconf 87' lang='lat' dir='ltr'>omnes</span> <span class='ocrx_word' id='word_1_93' title='bbox 1279 1557 1408 1641; x_wconf 88' lang='lat' dir='ltr'>ipsorum</span> 
     </span>
     <span class='ocr_line' id='line_1_13' title="bbox 269 1659 1409 1751; baseline -0.007 -20"><span class='ocrx_word' id='word_1_94' title='bbox 269 1664 479 1751; x_wconf 81' lang='lat' dir='ltr'>cogitationes</span> <span class='ocrx_word' id='word_1_95' title='bbox 508 1664 539 1724; x_wconf 92' lang='lat' dir='ltr'>et</span> <span class='ocrx_word' id='word_1_96' title='bbox 570 1659 675 1723; x_wconf 86' lang='lat' dir='ltr'>studia</span> <span class='ocrx_word' id='word_1_97' title='bbox 708 1662 849 1742; x_wconf 88' lang='lat' dir='ltr'>spectare</span> <span class='ocrx_word' id='word_1_98' title='bbox 877 1659 980 1724; x_wconf 87' lang='lat' dir='ltr'>solum</span> <span class='ocrx_word' id='word_1_99' title='bbox 1010 1660 1048 1723; x_wconf 88' lang='lat' dir='ltr'>ad</span> <span class='ocrx_word' id='word_1_100' title='bbox 1080 1681 1176 1743; x_wconf 91' lang='lat' dir='ltr'>opum</span> <span class='ocrx_word' id='word_1_101' title='bbox 1208 1664 1240 1724; x_wconf 88' lang='lat' dir='ltr'>et</span> <span class='ocrx_word' id='word_1_102' title='bbox 1263 1660 1409 1725; x_wconf 89' lang='lat' dir='ltr'>honorum</span> 
     </span>
     <span class='ocr_line' id='line_1_14' title="bbox 269 1763 1410 1854; baseline -0.006 -19"><span class='ocrx_word' id='word_1_103' title='bbox 269 1766 566 1854; x_wconf 67' lang='lat' dir='ltr'>amplificationem</span> <span class='ocrx_word' id='word_1_104' title='bbox 603 1763 727 1842; x_wconf 84' lang='lat' dir='ltr'>videas,</span> <span class='ocrx_word' id='word_1_105' title='bbox 763 1763 918 1847; x_wconf 90' lang='lat' dir='ltr'>quisunt</span> <span class='ocrx_word' id='word_1_106' title='bbox 949 1785 1020 1827; x_wconf 89' lang='lat' dir='ltr'>cum</span> <span class='ocrx_word' id='word_1_107' title='bbox 1047 1763 1145 1846; x_wconf 90' lang='lat' dir='ltr'>ipsis,</span> <span class='ocrx_word' id='word_1_108' title='bbox 1182 1764 1352 1830; x_wconf 85' lang='lat' dir='ltr'>familiares</span> <span class='ocrx_word' id='word_1_109' title='bbox 1381 1769 1410 1830; x_wconf 94' lang='lat' dir='ltr'>et</span> 
     </span>
     <span class='ocr_line' id='line_1_15' title="bbox 270 1868 1410 1957; baseline -0.005 -17"><span class='ocrx_word' id='word_1_110' title='bbox 270 1873 455 1940; x_wconf 88' lang='lat' dir='ltr'>domesticos</span> <span class='ocrx_word' id='word_1_111' title='bbox 489 1891 599 1957; x_wconf 87' lang='lat' dir='ltr'>omnes</span> <span class='ocrx_word' id='word_1_112' title='bbox 626 1871 843 1952; x_wconf 78' lang='lat' dir='ltr'>representare</span> <span class='ocrx_word' id='word_1_113' title='bbox 873 1868 971 1932; x_wconf 86' lang='lat' dir='ltr'>vitam</span> <span class='ocrx_word' id='word_1_114' title='bbox 1007 1871 1039 1932; x_wconf 90' lang='lat' dir='ltr'>et</span> <span class='ocrx_word' id='word_1_115' title='bbox 1067 1891 1170 1934; x_wconf 88' lang='lat' dir='ltr'>mores</span> <span class='ocrx_word' id='word_1_116' title='bbox 1201 1871 1410 1948; x_wconf 79' lang='lat' dir='ltr'>dominorum3</span> 
     </span>
     <span class='ocr_line' id='line_1_16' title="bbox 270 1974 1409 2058; baseline -0.004 -13"><span class='ocrx_word' id='word_1_117' title='bbox 270 1981 391 2045; x_wconf 86' lang='lat' dir='ltr'>oriatur</span> <span class='ocrx_word' id='word_1_118' title='bbox 425 1977 537 2042; x_wconf 90' lang='lat' dir='ltr'>deinde</span> <span class='ocrx_word' id='word_1_119' title='bbox 560 1975 734 2040; x_wconf 88' lang='lat' dir='ltr'>eommunis</span> <span class='ocrx_word' id='word_1_120' title='bbox 759 1974 900 2038; x_wconf 91' lang='lat' dir='ltr'>omnium</span> <span class='ocrx_word' id='word_1_121' title='bbox 924 1975 1052 2058; x_wconf 87' lang='lat' dir='ltr'>querela</span> <span class='ocrx_word' id='word_1_122' title='bbox 1076 1975 1113 2038; x_wconf 92' lang='lat' dir='ltr'>de</span> <span class='ocrx_word' id='word_1_123' title='bbox 1136 1975 1269 2041; x_wconf 89' lang='lat' dir='ltr'>libidine</span> <span class='ocrx_word' id='word_1_124' title='bbox 1291 1981 1409 2041; x_wconf 81' lang='grc'><strong>81818-</strong></span> 
     </span>
     <span class='ocr_line' id='line_1_17' title="bbox 268 2079 1409 2166; baseline -0.002 -17"><span class='ocrx_word' id='word_1_125' title='bbox 268 2085 345 2149; x_wconf 80' lang='grc'><strong>11118</strong></span> <span class='ocrx_word' id='word_1_126' title='bbox 367 2089 398 2148; x_wconf 91' lang='lat' dir='ltr'>et</span> <span class='ocrx_word' id='word_1_127' title='bbox 421 2082 594 2166; x_wconf 82' lang='lat' dir='ltr'>rapacitate</span> <span class='ocrx_word' id='word_1_128' title='bbox 617 2081 757 2164; x_wconf 90' lang='lat' dir='ltr'>ipsorum</span> <span class='ocrx_word' id='word_1_129' title='bbox 781 2079 985 2144; x_wconf 85' lang='lat' dir='ltr'>intolerabili.</span> <span class='ocrx_word' id='word_1_130' title='bbox 1032 2080 1162 2158; x_wconf 82' lang='lat' dir='ltr'>Quaes0,</span> <span class='ocrx_word' id='word_1_131' title='bbox 1193 2103 1273 2145; x_wconf 90' lang='lat' dir='ltr'>num</span> <span class='ocrx_word' id='word_1_132' title='bbox 1301 2082 1409 2147; x_wconf 81' lang='grc'><strong>811111-</strong></span> 
     </span>
     <span class='ocr_line' id='line_1_18' title="bbox 268 2183 1411 2270; baseline -0.005 -16"><span class='ocrx_word' id='word_1_133' title='bbox 268 2193 376 2255; x_wconf 88' lang='lat' dir='ltr'>turum</span> <span class='ocrx_word' id='word_1_134' title='bbox 400 2189 490 2252; x_wconf 88' lang='lat' dir='ltr'>valde</span> <span class='ocrx_word' id='word_1_135' title='bbox 512 2185 691 2262; x_wconf 90' lang='lat' dir='ltr'>ridiculum,</span> <span class='ocrx_word' id='word_1_136' title='bbox 715 2185 741 2248; x_wconf 92' lang='lat' dir='ltr'>si</span> <span class='ocrx_word' id='word_1_137' title='bbox 757 2205 857 2248; x_wconf 73' lang='grc'><strong>88188</strong></span> <span class='ocrx_word' id='word_1_138' title='bbox 873 2183 1015 2268; x_wconf 86' lang='lat' dir='ltr'>cognitio</span> <span class='ocrx_word' id='word_1_139' title='bbox 1031 2183 1189 2248; x_wconf 85' lang='lat' dir='ltr'>deferatur</span> <span class='ocrx_word' id='word_1_140' title='bbox 1205 2185 1243 2249; x_wconf 86' lang='lat' dir='ltr'>ad</span> <span class='ocrx_word' id='word_1_141' title='bbox 1261 2186 1318 2250; x_wconf 80' lang='lat' dir='ltr'>hos</span> <span class='ocrx_word' id='word_1_142' title='bbox 1334 2187 1411 2270; x_wconf 90' lang='lat' dir='ltr'>ipsos</span> 
     </span>
     <span class='ocr_line' id='line_1_19' title="bbox 268 2289 1411 2378; baseline -0.005 -19"><span class='ocrx_word' id='word_1_143' title='bbox 268 2315 434 2378; x_wconf 86' lang='lat' dir='ltr'>proceres,</span> <span class='ocrx_word' id='word_1_144' title='bbox 466 2294 520 2377; x_wconf 92' lang='lat' dir='ltr'>qui</span> <span class='ocrx_word' id='word_1_145' title='bbox 543 2291 671 2377; x_wconf 89' lang='lat' dir='ltr'>publice</span> <span class='ocrx_word' id='word_1_146' title='bbox 693 2290 848 2367; x_wconf 86' lang='lat' dir='ltr'>accusati,</span> <span class='ocrx_word' id='word_1_147' title='bbox 877 2310 1005 2373; x_wconf 88' lang='lat' dir='ltr'>poenam</span> <span class='ocrx_word' id='word_1_148' title='bbox 1029 2289 1185 2353; x_wconf 87' lang='lat' dir='ltr'>sustinere</span> <span class='ocrx_word' id='word_1_149' title='bbox 1203 2289 1364 2370; x_wconf 41' lang='lat' dir='ltr'>‚debebant</span> <span class='ocrx_word' id='word_1_150' title='bbox 1383 2295 1411 2354; x_wconf 92' lang='lat' dir='ltr'>et</span> 
     </span>
     <span class='ocr_line' id='line_1_20' title="bbox 268 2395 1411 2482; baseline -0.002 -21"><span class='ocrx_word' id='word_1_151' title='bbox 268 2400 302 2462; x_wconf 92' lang='lat' dir='ltr'>in</span> <span class='ocrx_word' id='word_1_152' title='bbox 325 2399 469 2462; x_wconf 91' lang='lat' dir='ltr'>ordinem</span> <span class='ocrx_word' id='word_1_153' title='bbox 492 2397 585 2482; x_wconf 78' lang='lat' dir='ltr'>cogi?</span> <span class='ocrx_word' id='word_1_154' title='bbox 631 2395 766 2473; x_wconf 90' lang='lat' dir='ltr'>Nonne,</span> <span class='ocrx_word' id='word_1_155' title='bbox 801 2395 828 2458; x_wconf 91' lang='lat' dir='ltr'>si</span> <span class='ocrx_word' id='word_1_156' title='bbox 857 2399 972 2478; x_wconf 84' lang='lat' dir='ltr'>praeter</span> <span class='ocrx_word' id='word_1_157' title='bbox 1003 2395 1060 2458; x_wconf 90' lang='lat' dir='ltr'>illa</span> <span class='ocrx_word' id='word_1_158' title='bbox 1082 2395 1216 2460; x_wconf 85' lang='lat' dir='ltr'>erimina</span> <span class='ocrx_word' id='word_1_159' title='bbox 1239 2397 1411 2481; x_wconf 87' lang='lat' dir='ltr'>superbiam</span> 
     </span>
     <span class='ocr_line' id='line_1_21' title="bbox 268 2480 1412 2588; baseline -0.003 -21"><span class='ocrx_word' id='word_1_160' title='bbox 268 2525 392 2586; x_wconf 83' lang='lat' dir='ltr'>quoque</span> <span class='ocrx_word' id='word_1_161' title='bbox 415 2503 653 2588; x_wconf 84' lang='lat' dir='ltr'>conjungerent,</span> <span class='ocrx_word' id='word_1_162' title='bbox 677 2521 776 2584; x_wconf 90' lang='lat' dir='ltr'>eoque</span> <span class='ocrx_word' id='word_1_163' title='bbox 798 2480 1064 2584; x_wconf 80' lang='lat' dir='ltr'>progrederentur</span> <span class='ocrx_word' id='word_1_164' title='bbox 1083 2501 1287 2581; x_wconf 87' lang='lat' dir='ltr'>temeritatis,</span> <span class='ocrx_word' id='word_1_165' title='bbox 1311 2506 1348 2565; x_wconf 90' lang='lat' dir='ltr'>ut</span> <span class='ocrx_word' id='word_1_166' title='bbox 1364 2503 1412 2584; x_wconf 92' lang='lat' dir='ltr'>ju-</span> 
     </span>
     <span class='ocr_line' id='line_1_22' title="bbox 268 2606 1411 2691; baseline -0.001 -19"><span class='ocrx_word' id='word_1_167' title='bbox 268 2607 393 2672; x_wconf 89' lang='lat' dir='ltr'>dicandi</span> <span class='ocrx_word' id='word_1_168' title='bbox 426 2606 522 2672; x_wconf 90' lang='lat' dir='ltr'>etiam</span> <span class='ocrx_word' id='word_1_169' title='bbox 556 2609 748 2691; x_wconf 87' lang='lat' dir='ltr'>potestatem</span> <span class='ocrx_word' id='word_1_170' title='bbox 780 2606 840 2670; x_wconf 89' lang='lat' dir='ltr'>sibi</span> <span class='ocrx_word' id='word_1_171' title='bbox 875 2610 1055 2684; x_wconf 90' lang='lat' dir='ltr'>sumerent,</span> <span class='ocrx_word' id='word_1_172' title='bbox 1091 2606 1152 2690; x_wconf 90' lang='lat' dir='ltr'>[H]</span> <span class='ocrx_word' id='word_1_173' title='bbox 1187 2611 1220 2672; x_wconf 88' lang='lat' dir='ltr'>et</span> <span class='ocrx_word' id='word_1_174' title='bbox 1254 2609 1332 2674; x_wconf 91' lang='lat' dir='ltr'>alios</span> <span class='ocrx_word' id='word_1_175' title='bbox 1364 2631 1411 2672; x_wconf 83' lang='lat' dir='ltr'>ex-</span> 
     </span>
    </p>
   </div>
   <div class='ocr_carea' id='block_1_3' title="bbox 835 2778 853 2818">
    <p class='ocr_par' dir='ltr' id='par_1_3' title="bbox 835 2778 853 2818">
     <span class='ocr_line' id='line_1_23' title="bbox 835 2778 853 2818; baseline 0 0"><span class='ocrx_word' id='word_1_176' title='bbox 835 2778 853 2818; x_wconf 64' lang='lat' dir='ltr'>il‘</span> 
     </span>
    </p>
   </div>
   <div class='ocr_carea' id='block_1_4' title="bbox 265 2919 1445 4472">
    <p class='ocr_par' dir='ltr' id='par_1_4' title="bbox 265 2919 1445 4472">
     <span class='ocr_line' id='line_1_24' title="bbox 268 2919 1409 3006; baseline -0.003 -19"><span class='ocrx_word' id='word_1_177' title='bbox 268 2924 459 3006; x_wconf 73' lang='lat' dir='ltr'>{ibertragen</span> <span class='ocrx_word' id='word_1_178' title='bbox 482 2920 592 2984; x_wconf 78' lang='lat' dir='ltr'>wiird?</span> <span class='ocrx_word' id='word_1_179' title='bbox 638 2919 693 2984; x_wconf 91' lang='lat' dir='ltr'>Ich</span> <span class='ocrx_word' id='word_1_180' title='bbox 716 2923 781 2985; x_wconf 84' lang='lat' dir='ltr'>seta</span> <span class='ocrx_word' id='word_1_181' title='bbox 804 2921 864 2985; x_wconf 90' lang='lat' dir='ltr'>den</span> <span class='ocrx_word' id='word_1_182' title='bbox 887 2921 960 2998; x_wconf 88' lang='lat' dir='ltr'>fall,</span> <span class='ocrx_word' id='word_1_183' title='bbox 993 2920 1048 2985; x_wconf 90' lang='lat' dir='ltr'>das</span> <span class='ocrx_word' id='word_1_184' title='bbox 1070 2921 1233 3005; x_wconf 84' lang='lat' dir='ltr'>obgenaut</span> <span class='ocrx_word' id='word_1_185' title='bbox 1257 2920 1409 2986; x_wconf 72' lang='lat' dir='ltr'>Consiste</span> 
     </span>
     <span class='ocr_line' id='line_1_25' title="bbox 266 3025 1410 3111; baseline -0.003 -20"><span class='ocrx_word' id='word_1_186' title='bbox 266 3027 361 3105; x_wconf 90' lang='lat' dir='ltr'>rium,</span> <span class='ocrx_word' id='word_1_187' title='bbox 384 3026 435 3091; x_wconf 89' lang='lat' dir='ltr'>bei</span> <span class='ocrx_word' id='word_1_188' title='bbox 457 3047 517 3089; x_wconf 93' lang='lat' dir='ltr'>uns</span> <span class='ocrx_word' id='word_1_189' title='bbox 540 3025 584 3087; x_wconf 90' lang='lat' dir='ltr'>im</span> <span class='ocrx_word' id='word_1_190' title='bbox 607 3025 681 3092; x_wconf 87' lang='lat' dir='ltr'>land</span> <span class='ocrx_word' id='word_1_191' title='bbox 705 3025 756 3103; x_wconf 92' lang='lat' dir='ltr'>ist,</span> <span class='ocrx_word' id='word_1_192' title='bbox 780 3026 847 3089; x_wconf 91' lang='lat' dir='ltr'>und</span> <span class='ocrx_word' id='word_1_193' title='bbox 869 3025 924 3090; x_wconf 88' lang='lat' dir='ltr'>das</span> <span class='ocrx_word' id='word_1_194' title='bbox 947 3025 1014 3090; x_wconf 85' lang='lat' dir='ltr'>also</span> <span class='ocrx_word' id='word_1_195' title='bbox 1035 3025 1205 3111; x_wconf 84' lang='lat' dir='ltr'>yederman</span> <span class='ocrx_word' id='word_1_196' title='bbox 1230 3026 1333 3104; x_wconf 88' lang='lat' dir='ltr'>sihet,</span> <span class='ocrx_word' id='word_1_197' title='bbox 1358 3025 1410 3088; x_wconf 88' lang='lat' dir='ltr'>wie</span> 
     </span>
     <span class='ocr_line' id='line_1_26' title="bbox 268 3129 1409 3215; baseline -0.001 -21"><span class='ocrx_word' id='word_1_198' title='bbox 268 3132 313 3196; x_wconf 90' lang='lat' dir='ltr'>sie</span> <span class='ocrx_word' id='word_1_199' title='bbox 335 3130 413 3209; x_wconf 90' lang='lat' dir='ltr'>alle,</span> <span class='ocrx_word' id='word_1_200' title='bbox 436 3134 505 3195; x_wconf 80' lang='lat' dir='ltr'>afim</span> <span class='ocrx_word' id='word_1_201' title='bbox 529 3129 723 3215; x_wconf 81' lang='lat' dir='ltr'>wenigsten,</span> <span class='ocrx_word' id='word_1_202' title='bbox 755 3131 805 3194; x_wconf 91' lang='lat' dir='ltr'>die</span> <span class='ocrx_word' id='word_1_203' title='bbox 828 3153 860 3196; x_wconf 91' lang='lat' dir='ltr'>es</span> <span class='ocrx_word' id='word_1_204' title='bbox 883 3131 980 3194; x_wconf 88' lang='lat' dir='ltr'>alters</span> <span class='ocrx_word' id='word_1_205' title='bbox 1003 3132 1068 3195; x_wconf 90' lang='lat' dir='ltr'>und</span> <span class='ocrx_word' id='word_1_206' title='bbox 1090 3131 1171 3196; x_wconf 90' lang='lat' dir='ltr'>leibs</span> <span class='ocrx_word' id='word_1_207' title='bbox 1193 3131 1310 3195; x_wconf 87' lang='lat' dir='ltr'>halben</span> <span class='ocrx_word' id='word_1_208' title='bbox 1334 3131 1409 3195; x_wconf 83' lang='grc'><strong>1111111</strong></span> 
     </span>
     <span class='ocr_line' id='line_1_27' title="bbox 267 3230 1409 3321; baseline -0.003 -21"><span class='ocrx_word' id='word_1_209' title='bbox 267 3237 405 3313; x_wconf 77' lang='lat' dir='ltr'>kdnnen,</span> <span class='ocrx_word' id='word_1_210' title='bbox 429 3235 479 3299; x_wconf 91' lang='grc'><strong>8111</strong></span> <span class='ocrx_word' id='word_1_211' title='bbox 503 3234 606 3298; x_wconf 91' lang='lat' dir='ltr'>solchs</span> <span class='ocrx_word' id='word_1_212' title='bbox 629 3235 720 3299; x_wconf 90' lang='lat' dir='ltr'>leben</span> <span class='ocrx_word' id='word_1_213' title='bbox 744 3230 846 3314; x_wconf 77' lang='lat' dir='ltr'>fbren,</span> <span class='ocrx_word' id='word_1_214' title='bbox 870 3236 925 3299; x_wconf 90' lang='lat' dir='ltr'>das</span> <span class='ocrx_word' id='word_1_215' title='bbox 948 3236 999 3300; x_wconf 90' lang='lat' dir='ltr'>ein</span> <span class='ocrx_word' id='word_1_216' title='bbox 1020 3236 1114 3321; x_wconf 84' lang='lat' dir='ltr'>yeder</span> <span class='ocrx_word' id='word_1_217' title='bbox 1133 3235 1201 3300; x_wconf 86' lang='lat' dir='ltr'>sich</span> <span class='ocrx_word' id='word_1_218' title='bbox 1217 3236 1409 3300; x_wconf 88' lang='lat' dir='ltr'>verwunderl</span> 
     </span>
     <span class='ocr_line' id='line_1_28' title="bbox 267 3338 1410 3424; baseline -0.003 -19"><span class='ocrx_word' id='word_1_219' title='bbox 267 3341 333 3405; x_wconf 91' lang='lat' dir='ltr'>und</span> <span class='ocrx_word' id='word_1_220' title='bbox 362 3340 502 3424; x_wconf 90' lang='lat' dir='ltr'>spricht,</span> <span class='ocrx_word' id='word_1_221' title='bbox 539 3339 615 3403; x_wconf 88' lang='lat' dir='ltr'>Dise</span> <span class='ocrx_word' id='word_1_222' title='bbox 647 3339 713 3402; x_wconf 89' lang='lat' dir='ltr'>leut</span> <span class='ocrx_word' id='word_1_223' title='bbox 743 3339 846 3403; x_wconf 90' lang='lat' dir='ltr'>haben</span> <span class='ocrx_word' id='word_1_224' title='bbox 875 3340 903 3402; x_wconf 91' lang='lat' dir='ltr'>ir</span> <span class='ocrx_word' id='word_1_225' title='bbox 926 3339 1112 3405; x_wconf 88' lang='lat' dir='ltr'>himelreioh</span> <span class='ocrx_word' id='word_1_226' title='bbox 1134 3340 1203 3405; x_wconf 87' lang='lat' dir='ltr'>auff</span> <span class='ocrx_word' id='word_1_227' title='bbox 1221 3341 1340 3419; x_wconf 88' lang='lat' dir='ltr'>erden,</span> <span class='ocrx_word' id='word_1_228' title='bbox 1375 3338 1410 3402; x_wconf 49' lang='grc' dir='ltr'>ἡ</span> 
     </span>
     <span class='ocr_line' id='line_1_29' title="bbox 267 3445 1408 3530; baseline -0.002 -20"><span class='ocrx_word' id='word_1_229' title='bbox 267 3445 408 3511; x_wconf 88' lang='lat' dir='ltr'>scheinet</span> <span class='ocrx_word' id='word_1_230' title='bbox 429 3445 484 3509; x_wconf 87' lang='lat' dir='ltr'>das</span> <span class='ocrx_word' id='word_1_231' title='bbox 507 3445 551 3508; x_wconf 90' lang='lat' dir='ltr'>sie</span> <span class='ocrx_word' id='word_1_232' title='bbox 574 3466 762 3528; x_wconf 84' lang='lat' dir='ltr'>vermeynen</span> <span class='ocrx_word' id='word_1_233' title='bbox 786 3445 923 3510; x_wconf 89' lang='lat' dir='ltr'>imerdar</span> <span class='ocrx_word' id='word_1_234' title='bbox 946 3447 998 3510; x_wconf 92' lang='lat' dir='ltr'>hie</span> <span class='ocrx_word' id='word_1_235' title='bbox 1020 3449 1058 3510; x_wconf 77' lang='lat' dir='ltr'>nh</span> <span class='ocrx_word' id='word_1_236' title='bbox 1081 3445 1217 3530; x_wconf 90' lang='lat' dir='ltr'>pleibeu,</span> <span class='ocrx_word' id='word_1_237' title='bbox 1242 3446 1317 3510; x_wconf 89' lang='lat' dir='ltr'>oder</span> <span class='ocrx_word' id='word_1_238' title='bbox 1341 3447 1408 3510; x_wconf 87' lang='lat' dir='ltr'>aber</span> 
     </span>
     <span class='ocr_line' id='line_1_30' title="bbox 267 3547 1445 3634; baseline -0.001 -21"><span class='ocrx_word' id='word_1_239' title='bbox 267 3550 322 3614; x_wconf 90' lang='lat' dir='ltr'>das</span> <span class='ocrx_word' id='word_1_240' title='bbox 344 3549 564 3613; x_wconf 87' lang='lat' dir='ltr'>hernachmals</span> <span class='ocrx_word' id='word_1_241' title='bbox 586 3549 668 3634; x_wconf 84' lang='lat' dir='ltr'>keyn</span> <span class='ocrx_word' id='word_1_242' title='bbox 693 3547 782 3612; x_wconf 88' lang='lat' dir='ltr'>freud</span> <span class='ocrx_word' id='word_1_243' title='bbox 807 3549 887 3612; x_wconf 90' lang='lat' dir='ltr'>noch</span> <span class='ocrx_word' id='word_1_244' title='bbox 909 3550 1034 3622; x_wconf 81' lang='lat' dir='ltr'>wollust</span> <span class='ocrx_word' id='word_1_245' title='bbox 1057 3551 1110 3614; x_wconf 89' lang='lat' dir='ltr'>sei.</span> <span class='ocrx_word' id='word_1_246' title='bbox 1143 3549 1219 3613; x_wconf 91' lang='lat' dir='ltr'>Mau</span> <span class='ocrx_word' id='word_1_247' title='bbox 1237 3550 1331 3628; x_wconf 91' lang='lat' dir='ltr'>sihet,</span> <span class='ocrx_word' id='word_1_248' title='bbox 1355 3551 1408 3614; x_wconf 87' lang='lat' dir='ltr'>wie</span> <span class='ocrx_word' id='word_1_249' title='bbox 1444 3559 1445 3562; x_wconf 76' lang='grc'>’</span> 
     </span>
     <span class='ocr_line' id='line_1_31' title="bbox 267 3652 1409 3741; baseline -0.003 -22"><span class='ocrx_word' id='word_1_250' title='bbox 267 3655 311 3719; x_wconf 89' lang='grc'>818</span> <span class='ocrx_word' id='word_1_251' title='bbox 334 3653 401 3718; x_wconf 86' lang='lat' dir='ltr'>sich</span> <span class='ocrx_word' id='word_1_252' title='bbox 424 3653 543 3738; x_wconf 86' lang='lat' dir='ltr'>keyner</span> <span class='ocrx_word' id='word_1_253' title='bbox 566 3652 621 3729; x_wconf 88' lang='lat' dir='ltr'>ler,</span> <span class='ocrx_word' id='word_1_254' title='bbox 645 3652 745 3738; x_wconf 84' lang='lat' dir='ltr'>keyns</span> <span class='ocrx_word' id='word_1_255' title='bbox 775 3653 959 3738; x_wconf 82' lang='lat' dir='ltr'>predigens,</span> <span class='ocrx_word' id='word_1_256' title='bbox 992 3655 1092 3741; x_wconf 84' lang='lat' dir='ltr'>keyns</span> <span class='ocrx_word' id='word_1_257' title='bbox 1121 3654 1250 3719; x_wconf 90' lang='lat' dir='ltr'>rechten</span> <span class='ocrx_word' id='word_1_258' title='bbox 1276 3654 1409 3719; x_wconf 89' lang='lat' dir='ltr'>Kirchen</span> 
     </span>
     <span class='ocr_line' id='line_1_32' title="bbox 267 3758 1411 3842; baseline -0.001 -19"><span class='ocrx_word' id='word_1_259' title='bbox 267 3763 371 3842; x_wconf 88' lang='lat' dir='ltr'>ampts</span> <span class='ocrx_word' id='word_1_260' title='bbox 394 3781 559 3836; x_wconf 90' lang='lat' dir='ltr'>aunemen,</span> <span class='ocrx_word' id='word_1_261' title='bbox 583 3758 706 3835; x_wconf 90' lang='lat' dir='ltr'>sonder,</span> <span class='ocrx_word' id='word_1_262' title='bbox 731 3758 786 3822; x_wconf 88' lang='lat' dir='ltr'>das</span> <span class='ocrx_word' id='word_1_263' title='bbox 809 3759 852 3823; x_wconf 85' lang='lat' dir='ltr'>all</span> <span class='ocrx_word' id='word_1_264' title='bbox 875 3759 903 3822; x_wconf 93' lang='lat' dir='ltr'>ir</span> <span class='ocrx_word' id='word_1_265' title='bbox 926 3781 1027 3823; x_wconf 89' lang='lat' dir='ltr'>wesen</span> <span class='ocrx_word' id='word_1_266' title='bbox 1051 3761 1115 3823; x_wconf 91' lang='lat' dir='ltr'>und</span> <span class='ocrx_word' id='word_1_267' title='bbox 1139 3760 1241 3837; x_wconf 79' lang='lat' dir='ltr'>rhun,</span> <span class='ocrx_word' id='word_1_268' title='bbox 1269 3782 1330 3824; x_wconf 92' lang='lat' dir='ltr'>nur</span> <span class='ocrx_word' id='word_1_269' title='bbox 1352 3759 1411 3824; x_wconf 82' lang='lat' dir='ltr'>aud</span> 
     </span>
     <span class='ocr_line' id='line_1_33' title="bbox 265 3861 1409 3946; baseline -0.002 -17"><span class='ocrx_word' id='word_1_270' title='bbox 265 3863 467 3930; x_wconf 90' lang='lat' dir='ltr'>reichthumb</span> <span class='ocrx_word' id='word_1_271' title='bbox 487 3862 552 3926; x_wconf 91' lang='lat' dir='ltr'>und</span> <span class='ocrx_word' id='word_1_272' title='bbox 574 3865 687 3945; x_wconf 86' lang='lat' dir='ltr'>praeht</span> <span class='ocrx_word' id='word_1_273' title='bbox 710 3861 869 3946; x_wconf 87' lang='lat' dir='ltr'>gerichtet</span> <span class='ocrx_word' id='word_1_274' title='bbox 891 3864 943 3942; x_wconf 89' lang='lat' dir='ltr'>ist,</span> <span class='ocrx_word' id='word_1_275' title='bbox 967 3865 1032 3928; x_wconf 93' lang='lat' dir='ltr'>und</span> <span class='ocrx_word' id='word_1_276' title='bbox 1055 3865 1116 3928; x_wconf 82' lang='lat' dir='ltr'>auss</span> <span class='ocrx_word' id='word_1_277' title='bbox 1140 3865 1210 3928; x_wconf 92' lang='lat' dir='ltr'>dem</span> <span class='ocrx_word' id='word_1_278' title='bbox 1242 3864 1351 3942; x_wconf 91' lang='lat' dir='ltr'>leben,</span> <span class='ocrx_word' id='word_1_279' title='bbox 1380 3884 1409 3927; x_wconf 91' lang='lat' dir='ltr'>so</span> 
     </span>
     <span class='ocr_line' id='line_1_34' title="bbox 266 3963 1409 4054; baseline -0.004 -19"><span class='ocrx_word' id='word_1_280' title='bbox 266 3972 311 4035; x_wconf 91' lang='lat' dir='ltr'>sie</span> <span class='ocrx_word' id='word_1_281' title='bbox 333 3969 498 4034; x_wconf 85' lang='lat' dir='ltr'>offentlich</span> <span class='ocrx_word' id='word_1_282' title='bbox 521 3989 562 4031; x_wconf 91' lang='lat' dir='ltr'>on</span> <span class='ocrx_word' id='word_1_283' title='bbox 586 3967 647 4032; x_wconf 89' lang='lat' dir='ltr'>alle</span> <span class='ocrx_word' id='word_1_284' title='bbox 669 3967 770 4032; x_wconf 88' lang='lat' dir='ltr'>schew</span> <span class='ocrx_word' id='word_1_285' title='bbox 793 3963 906 4047; x_wconf 72' lang='lat' dir='ltr'>ibren,</span> <span class='ocrx_word' id='word_1_286' title='bbox 937 3969 1032 4049; x_wconf 89' lang='lat' dir='ltr'>auch,</span> <span class='ocrx_word' id='word_1_287' title='bbox 1058 3970 1118 4034; x_wconf 79' lang='lat' dir='ltr'>aud</span> <span class='ocrx_word' id='word_1_288' title='bbox 1141 3969 1204 4033; x_wconf 90' lang='lat' dir='ltr'>irer</span> <span class='ocrx_word' id='word_1_289' title='bbox 1227 3967 1409 4054; x_wconf 81' lang='lat' dir='ltr'>geselsehrdt</span> 
     </span>
     <span class='ocr_line' id='line_1_35' title="bbox 266 4071 1408 4159; baseline -0.004 -19"><span class='ocrx_word' id='word_1_290' title='bbox 266 4097 300 4140; x_wconf 95' lang='lat' dir='ltr'>so</span> <span class='ocrx_word' id='word_1_291' title='bbox 323 4074 459 4159; x_wconf 73' lang='lat' dir='ltr'>tsgliehs</span> <span class='ocrx_word' id='word_1_292' title='bbox 482 4073 558 4137; x_wconf 93' lang='lat' dir='ltr'>umb</span> <span class='ocrx_word' id='word_1_293' title='bbox 581 4072 625 4136; x_wconf 90' lang='lat' dir='ltr'>sie</span> <span class='ocrx_word' id='word_1_294' title='bbox 647 4071 705 4151; x_wconf 91' lang='lat' dir='ltr'>ist,</span> <span class='ocrx_word' id='word_1_295' title='bbox 735 4072 897 4138; x_wconf 89' lang='lat' dir='ltr'>leiehtlich</span> <span class='ocrx_word' id='word_1_296' title='bbox 929 4075 1041 4139; x_wconf 89' lang='lat' dir='ltr'>radten</span> <span class='ocrx_word' id='word_1_297' title='bbox 1072 4076 1137 4139; x_wconf 91' lang='lat' dir='ltr'>und</span> <span class='ocrx_word' id='word_1_298' title='bbox 1164 4076 1319 4139; x_wconf 87' lang='lat' dir='ltr'>abnemen</span> <span class='ocrx_word' id='word_1_299' title='bbox 1341 4075 1408 4150; x_wconf 87' lang='lat' dir='ltr'>kan,</span> 
     </span>
     <span class='ocr_line' id='line_1_36' title="bbox 265 4161 1443 4265; baseline -0.003 -22"><span class='ocrx_word' id='word_1_300' title='bbox 265 4179 325 4244; x_wconf 86' lang='lat' dir='ltr'>wie</span> <span class='ocrx_word' id='word_1_301' title='bbox 347 4179 392 4242; x_wconf 90' lang='lat' dir='ltr'>sie</span> <span class='ocrx_word' id='word_1_302' title='bbox 414 4178 548 4265; x_wconf 85' lang='lat' dir='ltr'>daheym</span> <span class='ocrx_word' id='word_1_303' title='bbox 570 4178 655 4242; x_wconf 84' lang='lat' dir='ltr'>hauss</span> <span class='ocrx_word' id='word_1_304' title='bbox 677 4178 805 4256; x_wconf 84' lang='lat' dir='ltr'>hulten,</span> <span class='ocrx_word' id='word_1_305' title='bbox 839 4179 904 4243; x_wconf 91' lang='lat' dir='ltr'>und</span> <span class='ocrx_word' id='word_1_306' title='bbox 928 4161 1096 4244; x_wconf 79' lang='grc'><strong>8181181181</strong></span> <span class='ocrx_word' id='word_1_307' title='bbox 1117 4179 1257 4245; x_wconf 82' lang='lat' dir='ltr'>darnach</span> <span class='ocrx_word' id='word_1_308' title='bbox 1280 4181 1407 4263; x_wconf 79' lang='lat' dir='ltr'>adtregt,</span> <span class='ocrx_word' id='word_1_309' title='bbox 1442 4229 1443 4252; x_wconf 79' lang='lat'>,</span> 
     </span>
     <span class='ocr_line' id='line_1_37' title="bbox 265 4277 1408 4369; baseline -0.003 -22"><span class='ocrx_word' id='word_1_310' title='bbox 265 4284 320 4347; x_wconf 90' lang='lat' dir='ltr'>das</span> <span class='ocrx_word' id='word_1_311' title='bbox 342 4284 512 4366; x_wconf 86' lang='lat' dir='ltr'>yederman</span> <span class='ocrx_word' id='word_1_312' title='bbox 534 4282 612 4347; x_wconf 81' lang='lat' dir='ltr'>iiber</span> <span class='ocrx_word' id='word_1_313' title='bbox 634 4283 679 4346; x_wconf 91' lang='lat' dir='ltr'>sie</span> <span class='ocrx_word' id='word_1_314' title='bbox 702 4283 826 4368; x_wconf 84' lang='lat' dir='ltr'>klaget,</span> <span class='ocrx_word' id='word_1_315' title='bbox 859 4284 925 4348; x_wconf 91' lang='lat' dir='ltr'>und</span> <span class='ocrx_word' id='word_1_316' title='bbox 957 4285 1012 4348; x_wconf 86' lang='lat' dir='ltr'>das</span> <span class='ocrx_word' id='word_1_317' title='bbox 1035 4306 1110 4348; x_wconf 88' lang='lat' dir='ltr'>man</span> <span class='ocrx_word' id='word_1_318' title='bbox 1132 4284 1200 4348; x_wconf 92' lang='lat' dir='ltr'>dise</span> <span class='ocrx_word' id='word_1_319' title='bbox 1223 4284 1303 4369; x_wconf 82' lang='lat' dir='ltr'>ding</span> <span class='ocrx_word' id='word_1_320' title='bbox 1326 4277 1408 4346; x_wconf 77' lang='lat' dir='ltr'>munt</span> 
     </span>
     <span class='ocr_line' id='line_1_38' title="bbox 266 4384 1408 4472; baseline -0.003 -18"><span class='ocrx_word' id='word_1_321' title='bbox 266 4387 476 4469; x_wconf 83' lang='lat' dir='ltr'>Reformiren,</span> <span class='ocrx_word' id='word_1_322' title='bbox 499 4388 604 4452; x_wconf 78' lang='lat' dir='ltr'>wfirds</span> <span class='ocrx_word' id='word_1_323' title='bbox 627 4389 677 4451; x_wconf 90' lang='lat' dir='ltr'>nit</span> <span class='ocrx_word' id='word_1_324' title='bbox 700 4389 764 4452; x_wconf 84' lang='lat' dir='ltr'>fast</span> <span class='ocrx_word' id='word_1_325' title='bbox 786 4389 958 4453; x_wconf 69' lang='lat' dir='ltr'>lacherlich</span> <span class='ocrx_word' id='word_1_326' title='bbox 981 4390 1059 4471; x_wconf 90' lang='lat' dir='ltr'>sein,</span> <span class='ocrx_word' id='word_1_327' title='bbox 1082 4411 1131 4453; x_wconf 91' lang='lat' dir='ltr'>wo</span> <span class='ocrx_word' id='word_1_328' title='bbox 1150 4411 1226 4453; x_wconf 85' lang='lat' dir='ltr'>man</span> <span class='ocrx_word' id='word_1_329' title='bbox 1242 4390 1297 4454; x_wconf 89' lang='lat' dir='ltr'>das</span> <span class='ocrx_word' id='word_1_330' title='bbox 1314 4384 1408 4472; x_wconf 82' lang='lat' dir='ltr'>urteyl</span> 
     </span>
    </p>
   </div>
   <div class='ocr_carea' id='block_1_5' title="bbox 0 0 1456 4996">
    <p class='ocr_par' dir='ltr' id='par_1_5' title="bbox 0 0 1456 4996">
     <span class='ocr_line' id='line_1_39' title="bbox 0 0 1456 4996; baseline 0 0"><span class='ocrx_word' id='word_1_331' title='bbox 0 0 1456 4996; x_wconf 95' lang='lat' dir='ltr'> </span> 
     </span>
    </p>
   </div>
  </div>
 </body>
</html>
