2938 4988
836 296 878 358 48

278 467 390 547 tiones,
414 489 476 552 quo
498 469 677 552 spectarent
701 471 733 532 et
755 471 907 551 quantam
932 469 1036 536 essent
1059 466 1158 551 ipsius
1180 490 1280 555 regno
1302 471 1335 532 et
1350 469 1426 534 aulae

278 575 396 640 cladem
420 572 569 652 allaturi,
602 573 711 637 statim
737 573 920 656 praesansit,
944 593 1008 636 non
1032 577 1099 636 tam
1121 574 1188 656 ipae
1211 596 1306 657 quam
1331 574 1425 659 ipsius

278 682 452 763 praeceptor
475 684 507 741 et
537 677 733 756 moderator,
764 678 805 755 is,
839 678 927 761 eujus
956 699 1015 761 ope
1047 681 1078 742 et
1111 679 1243 743 oonsilio
1275 677 1425 765 sublaltus

278 784 394 861 humo,
434 783 468 846 in
505 785 629 846 tantam
668 804 700 846 ae
738 782 906 858 diffuderat
943 781 1193 865 amplitudinem.
1254 781 1342 849 Idem
1380 784 1427 848 hio

278 891 452 974 praeeeptor
488 886 754 970 consiliorumque
787 890 890 951 reetor
922 887 985 950 alia
1018 908 1141 970 quoque
1174 889 1322 970 praesidia
1354 889 1424 952 sub·

278 993 490 1070 ministrabat,
515 1014 531 1056 e
553 991 668 1074 quibus
691 991 771 1056 illud
793 998 842 1056 est
864 992 1032 1056 admodum
1056 992 1199 1070 illustre,
1231 994 1315 1077 quod
1339 1016 1425 1058 man-

280 1099 335 1163 dat
356 1096 555 1174 hominibus,
586 1100 622 1160 ut
651 1117 715 1160 non
739 1097 832 1161 modo
855 1118 919 1160 non
942 1097 1052 1181 legant
1083 1119 1212 1162 suorum
1234 1099 1425 1163 adversario·

278 1225 347 1268 rum
383 1202 499 1280 libros,
534 1201 740 1266 verumetiam
770 1223 810 1265 ne
838 1199 944 1266 Biblia
973 1201 1100 1284 quidem
1133 1203 1210 1286 ipsa.
1258 1203 1337 1279 Quis
1367 1204 1425 1280 hie,

278 1309 361 1388 aedo,
386 1311 495 1372 tantus
518 1309 566 1370 est
587 1305 700 1372 furor?
740 1305 937 1390 Soripturam
959 1307 1065 1392 regius
1087 1307 1242 1390 propheta
1264 1311 1357 1372 vooat
1379 1309 1426 1371 lu-

207 1417 210 1424 '
278 1434 404 1478 aemam
426 1434 462 1478 ao
483 1411 582 1476 veluti
604 1410 705 1476 facem
730 1411 763 1475 in
786 1411 925 1476 tenebris
947 1412 1179 1495 praeluoentem.
1219 1411 1311 1477 Hanc
1327 1413 1426 1495 ipsam

217 1559 230 1584 .
278 1517 379 1583 faoem
401 1521 595 1601 preeuntem
618 1517 720 1595 nobie,
745 1538 807 1600 qua
830 1517 918 1581 nullo
942 1541 1081 1602 unquam
1106 1523 1247 1602 tempore
1262 1540 1425 1602 possumus

279 1645 393 1704 carere,
417 1623 527 1688 multis
549 1628 624 1689 ante
646 1623 768 1688 saeoulis
791 1628 823 1688 et
845 1624 1024 1689 extinxerat
1047 1624 1117 1702 iste,
1141 1626 1173 1688 et
1195 1645 1280 1688 nune
1301 1629 1425 1707 postea·

279 1750 374 1812 quam
396 1728 554 1814 singulari
575 1733 608 1794 et
630 1729 836 1794 inenarrabili
857 1730 1010 1795 beneficio
1033 1730 1094 1794 Dei
1116 1730 1216 1814 patris
1240 1730 1358 1794 iterum
1382 1734 1426 1794 est

278 1855 408 1900 aceensa
430 1834 539 1912 nobis,
572 1835 674 1902 denuo
697 1840 829 1900 conatur
852 1837 997 1901 omnibus
1030 1836 1131 1902 modis
1160 1836 1355 1919 deprimere,
1390 1858 1426 1900 ne

277 1938 397 2018 luceat,
419 1938 557 2022 adeoque
574 1939 650 2004 ¹vult
673 1945 705 2004 et
728 1941 866 2019 mandat,
891 1946 927 2004 ut
949 1941 1054 2024 ipsum
1077 1946 1249 2025 sequantur
1272 1941 1424 2018 homines,

234 2111 236 2117 ,
277 2063 336 2108 nee
358 2041 398 2106 ab
421 2042 487 2127 ejus
509 2044 658 2110 aberrent
680 2046 841 2130 vestigiis,
873 2046 998 2110 etiamsi
1028 2047 1121 2112 durat
1144 2047 1177 2110 in
1200 2047 1419 2131 praecipitium.

277 2147 329 2214 sic
351 2149 436 2213 enim
458 2148 577 2214 habent
599 2151 667 2234 ejus
689 2150 813 2215 deoreta
835 2152 928 2216 claris
952 2155 985 2216 et
1006 2152 1132 2217 disertis
1154 2151 1267 2218 verbis.
1309 2150 1425 2227 Quam·

277 2254 332 2318 diu
353 2275 487 2340 regnum
510 2255 576 2338 ejus
598 2254 722 2334 floruit,
755 2255 837 2320 nihil
864 2260 932 2321 erat
957 2256 1122 2336 sollicitus,
1153 2279 1210 2322 neo
1236 2278 1378 2340 unquam
1399 2256 1425 2320 ei

278 2359 426 2425 veniebat
448 2361 481 2424 in
504 2365 653 2439 mentem,
686 2365 721 2426 ut
748 2383 843 2427 saone
865 2363 1030 2446 scripturae
1061 2362 1227 2428 lectionem
1256 2360 1423 2438 inhiberet,

277 2465 365 2550 eujus
388 2464 686 2550 interpretationem
716 2471 747 2532 et
783 2467 1039 2552 dijudicationem
1075 2489 1183 2532 omnes
1218 2466 1257 2532 ab
1280 2466 1352 2550 ipso
1374 2488 1424 2549 pe-

844 2587 862 2628 s

277 2673 350 2756 [22]
384 2674 468 2739 'lant
498 2697 558 2758 que
584 2697 642 2740 son
667 2697 766 2762 regne
787 2698 806 2741 a
827 2678 892 2742 este'
916 2699 954 2742 en
981 2678 1080 2757 fleur,
1114 2677 1137 2740 il
1160 2697 1200 2740 ne
1225 2696 1257 2739 se
1283 2675 1422 2751 souoioit,

277 2780 364 2842 etna
379 2798 478 2861 pensa
495 2801 614 2863 onques
630 2779 667 2845 de
689 2779 836 2846 defendre
859 2780 891 2844 la
913 2781 1030 2846 leotnre
1050 2781 1087 2846 de
1098 2780 1282 2847 l'Eseriture
1293 2779 1420 2854 saincte,

276 2904 335 2966 par
350 2903 384 2946 oe
400 2903 460 2966 que
475 2887 547 2948 tous
573 2890 761 2969 reoevoyent
776 2907 834 2950 son
858 2886 1102 2971 interpretation
1115 2891 1146 2952 et
1156 2886 1252 2963 advis,
1276 2885 1417 2971 signam·
1457 2881 1458 2894 ¹

843 3009 860 3047 *

277 3093 370 3177 [136]
400 3093 540 3160 Mientra
566 3117 626 3180 que
652 3119 690 3162 su
706 3097 974 3182 Reynolloreeia,
998 3118 1040 3162 no
1067 3096 1154 3161 tenia
1172 3100 1274 3160 temor
1302 3095 1340 3159 de
1368 3117 1421 3158 na·

278 3199 334 3276 da,
368 3199 403 3263 ni
425 3222 530 3266 nunea
552 3203 582 3266 le
603 3224 695 3285 passo
725 3224 785 3287 por
808 3204 838 3267 el
870 3202 1088 3286 pensamiento
1115 3201 1153 3264 de
1183 3200 1331 3265 defendor
1367 3221 1423 3283 que

278 3325 319 3368 no
334 3325 367 3368 se
392 3304 510 3389 leyesse
543 3306 574 3372 la
604 3309 738 3393 sagrada
765 3307 966 3392 Esoriptura,
988 3329 1109 3391 perque
1131 3307 1221 3370 todos
1243 3306 1291 3370 los
1313 3328 1375 3390 que
1395 3306 1423 3368 la

277 3408 381 3494 leyan,
405 3431 466 3493 que
487 3433 563 3476 eran
586 3435 662 3497 muy
680 3433 784 3497 poros,
808 3437 828 3500 y
852 3436 915 3479 aun
947 3435 1014 3478 mas
1043 3433 1137 3497 poros
1162 3413 1209 3476 los
1242 3432 1303 3493 que
1326 3412 1357 3476 la
1381 3415 1423 3474 te-

843 3535 860 3573 ²l¹

277 3619 388 3697 baret,
423 3621 486 3684 und
510 3620 688 3686 dermassen
713 3622 851 3688 erkannt
878 3623 939 3701 ist,
975 3623 1029 3688 das
1052 3644 1086 3688 er
1108 3644 1175 3686 nun
1197 3617 1360 3687 hinfdrter
1382 3645 1419 3686 an
1455 3617 1456 3670 i

277 3726 381 3790 seiner
403 3725 619 3809 gewonliohen
641 3729 778 3812 riistung
800 3729 865 3792 und
897 3728 1087 3814 gegenwehr
1120 3727 1202 3792 selbs
1230 3727 1421 3792 verzweiflen

275 3835 356 3896 mds.
401 3828 443 3894 So
465 3830 532 3894 will
555 3832 599 3894 im
621 3831 766 3896 dennooh
788 3855 848 3897 von
871 3837 968 3898 ndten
991 3833 1068 3910 sein,
1091 3832 1158 3897 will
1181 3855 1214 3897 er
1237 3833 1349 3898 anders
1375 3831 1421 3894 nit

276 3958 335 4023 gar
354 3935 509 4001 verlieren
534 3957 597 4000 was
620 3957 654 4000 er
675 3937 754 4002 noch
778 3931 889 4022 dhrigs
911 3937 992 4016 hatt,
1015 3937 1079 4002 und
1103 3937 1157 4001 der
1178 3937 1254 4002 welt
1276 3941 1316 4002 at
1337 3937 1421 4019 spott
1454 3927 1455 4022 ,

275 4042 410 4118 werden,
434 4042 549 4106 andere
570 4041 675 4106 mittel
697 4042 763 4106 und
786 4042 861 4107 hilff
880 4046 918 4108 at
940 4041 1068 4107 adoher.
1115 4041 1180 4107 Das
1204 4042 1269 4106 lran
1293 4064 1327 4107 er
1349 4041 1421 4104 aber

267 4146 479 4225 meisterlieh,
502 4146 567 4210 und
590 4146 647 4211 hat
670 4146 761 4211 einen
785 4147 924 4212 subtilen
947 4148 1049 4226 Radt,
1073 4147 1127 4211 der
1149 4147 1334 4233 anfenglieh
1355 4146 1419 4210 sein

276 4250 495 4318 sohdlmeister
515 4271 680 4336 genesen,
715 4252 782 4316 und
811 4253 845 4317 in
876 4252 1048 4318 derhalben
1075 4253 1140 4337 jeta
1161 4252 1196 4316 in
1219 4252 1274 4316 der
1296 4257 1352 4318 not
1376 4251 1422 4314 nit
1453 4279 1454 4282 ¹

276 4356 338 4424 wol
365 4357 522 4424 verlassen
553 4355 626 4422 lien.
1323 4429 1325 4432 ,
