2930 4998
597 333 659 396 nre
780 295 784 306 ’

139 507 260 574 Primus
282 505 446 572 felicitatis
468 505 585 592 gradus
607 507 673 582 est,
709 504 888 592 intelligere
917 509 950 569 et
981 505 1197 590 aequivocam

65 613 216 678 invitantis
238 613 277 678 ad
300 635 333 678 ee
349 610 420 690 Dei,
443 612 616 696 proximus,
642 633 707 676 non
729 611 949 676 obsurdescere
965 632 1022 676 nee
1037 611 1197 676 obstinate

64 739 233 803 repugnare.
279 717 410 782 Talibus
433 717 517 782 enim
541 717 680 804 ingeniis
704 716 842 802 ignoscit
864 716 965 794 Deus,
995 720 1027 781 et
1050 717 1196 800 precibus

62 824 268 908 interpellatus
291 823 451 888 doctorem
474 821 566 887 illum
590 822 738 906 spiritum
762 821 891 888 tandem
913 822 1060 909 largitur,
1084 846 1196 907 quani-

62 928 106 992 diu
126 949 187 992 non
209 928 344 1004 malitia,
368 929 422 993 sed
445 929 645 1014 ignoratione
668 932 700 992 et
722 927 929 1013 simplicitate
951 927 1128 1014 peeJeatur3
1156 929 1196 994 ad

60 1054 176 1117 eamque
199 1054 267 1098 rem
288 1036 413 1117 tempus
437 1035 469 1098 et
491 1033 592 1097 otium
615 1054 697 1118 saepe
721 1033 871 1098 concedit.
921 1034 1011 1112 Quod
1033 1034 1104 1112 tibi,
1128 1033 1195 1099 Θω-

59 1159 110 1217 ser,
132 1138 304 1223 contigisse
326 1138 492 1218 laetamur,
525 1139 580 1221 qui
602 1142 674 1223 poet
697 1138 831 1204 multam
855 1139 949 1223 hujus
972 1161 1092 1219 causae,
1126 1161 1195 1222 qum

59 1244 302 1323 controvertitur,
326 1244 550 1309 tractationem
574 1247 713 1308 statuere
736 1266 820 1308 nune
843 1245 968 1309 demum
991 1245 1110 1328 aliquid
1138 1267 1194 1328 po-

58 1350 104 1427 tes,
126 1348 252 1432 quando
275 1347 497 1432 multiplieiter
520 1348 681 1414 illustrata
703 1349 837 1426 veritas,
862 1353 893 1414 et
916 1369 1039 1428 eorum,
1063 1348 1119 1432 qui
1142 1371 1194 1414 ae-

57 1457 204 1533 emantur,
230 1452 373 1536 nequitia
395 1453 440 1517 sic
463 1456 511 1518 est
534 1452 711 1536 patefacta,
748 1457 785 1518 ut
803 1453 958 1538 judicatio
981 1453 1049 1516 litis
1074 1453 1198 1518 nullam

55 1559 83 1624 in
101 1581 132 1624 se
153 1579 306 1646 magnam
329 1558 446 1624 babeat
476 1559 708 1624 difficultatem.
753 1558 796 1622 Et
826 1579 1009 1643 quanquam
1040 1559 1194 1624 immanes

55 1665 108 1730 illae
130 1668 161 1730 et
183 1669 318 1743 atroces,
341 1664 457 1748 quibus
473 1664 613 1730 divinam
629 1665 827 1749 majestatem
842 1665 1015 1730 affecerunt
1031 1664 1095 1742 isti,
1119 1685 1193 1728 con-

54 1770 181 1836 tumeliae
205 1769 406 1836 vehementer
428 1774 461 1835 et
482 1771 643 1856 inprimis
666 1774 698 1836 te
721 1791 916 1836 commovere
938 1769 1063 1848 debent,
1086 1774 1193 1836 tamen

54 1898 107 1940 non
140 1881 191 1942 est
223 1875 454 1942 dissimulanda
486 1875 585 1940 etiam
618 1877 667 1941 vel
700 1875 859 1942 oblivione
889 1874 1108 1959 praetereunda
1142 1875 1193 1938 in·

50 1982 199 2064 juriarum
221 1981 426 2066 magnitudo,
458 2003 535 2065 quas
565 1981 745 2046 intulerunt
775 1980 910 2066 singulis
942 1979 1138 2064 temporibus
1161 1981 1194 2044 et

52 2087 173 2171 imperio
192 2089 230 2157 ,et
253 2086 319 2166 ejus
334 2087 507 2171 prefectis,
532 2087 592 2151 tibi
614 2086 751 2171 tuisque,
775 2085 888 2164 Caesar,
912 2084 1093 2169 majoribus.

127 2193 225 2258 Illam
257 2192 342 2257 orbis
374 2195 531 2258 terrarum
565 2193 798 2258 debellatricem
828 2193 939 2257 urbem
969 2191 1125 2269 Romam,
1158 2190 1192 2254 in

50 2320 104 2382 qua
123 2303 174 2366 tot
198 2298 357 2364 fulserunt
378 2298 510 2376 lumina,
534 2300 601 2362 tam
624 2298 767 2385 insignes
790 2301 823 2362 et
844 2297 989 2382 praeclari
1003 2297 1073 2375 viri,
1096 2317 1193 2378 quam

49 2425 163 2468 summa
177 2403 348 2489 prudentia
362 2403 498 2487 vitaeque
513 2404 726 2488 temperantia
740 2407 891 2468 rexerunt
905 2403 1077 2488 aliquando
1087 2402 1191 2481 Bruti,

48 2505 176 2586 Camilli,
202 2507 395 2586 Cincinnati,
419 2506 520 2586 Fabii,
544 2506 716 2591 Scipiones,
734 2508 881 2586 Catones,
904 2507 984 2572 illud
999 2509 1111 2591 priseae
1126 2508 1191 2572 vir-

47 2614 117 2678 tutis
139 2612 353 2690 domicilium,
387 2616 420 2678 et
442 2613 601 2678 (laesarum
624 2613 737 2678 deinde
759 2613 883 2692 sedem,
918 2612 1047 2678 nefariis
1070 2612 1192 2678 artibus

46 2721 125 2783 tenet
149 2722 183 2784 et
207 2720 340 2801 occupat
361 2717 454 2783 hodie
478 2715 636 2783 Caesarum
668 2723 839 2803 perpetuus
870 2719 994 2796 bostis,
1025 2719 1131 2784 mollis
1160 2722 1192 2782 et

46 2825 166 2889 semivir
191 2827 224 2888 et
253 2823 452 2888 effeminatus
484 2823 675 2909 negotiator.
721 2822 789 2890 Nec
817 2825 920 2888 solum
950 2827 1103 2908 occupet,
1138 2822 1192 2886 sed

42 2929 87 3012 jus
108 2931 209 2996 etiam
230 2927 458 2994 hereditarium
489 2927 522 2991 in
552 2926 642 2992 illam
671 2927 733 2992 sibi
754 2928 917 3007 vendicat,
950 2932 982 2994 et
1010 2927 1190 3013 legitimum

46 3035 204 3102 dominnm
228 3035 305 3100 adeo
328 3056 393 3099 non
417 3033 569 3111 admittit,
593 3034 717 3118 atejus
740 3033 930 3120 dignitatem
953 3055 1079 3098 omnem
1102 3054 1193 3097 esua

44 3142 174 3224 pendere
197 3141 283 3206 dicat
305 3139 501 3206 auctoritate.
548 3139 607 3203 Ille
631 3140 789 3223 quondam
820 3143 889 3204 toto
919 3140 995 3205 orbe
1024 3138 1190 3204 celeberri-

43 3268 106 3314 mus
128 3251 274 3325 senatus,
297 3268 390 3331 quem
413 3245 611 3330 conspicatus
628 3246 755 3330 quidam
771 3244 888 3330 Pyrrhi
903 3245 1043 3329 Epirctae
1067 3245 1191 3330 legatus

43 3352 162 3419 dicebat
185 3351 303 3417 habere
326 3350 523 3435 toti[Y]dem
546 3372 655 3437 reges,
691 3356 770 3434 quot
800 3357 905 3417 essent
935 3351 969 3416 in
983 3339 1029 3416 'eo
1052 3349 1189 3434 patricii,

42 3455 138 3524 Deum
175 3458 408 3535 immortalem,
444 3461 600 3542 quantum
630 3461 677 3522 est
710 3457 771 3522 boe
806 3461 947 3542 tempore
980 3457 1189 3520 immutatus?

41 3560 154 3629 Sedent
178 3563 213 3627 in
237 3585 273 3628 eo
295 3562 439 3642 homines
463 3564 552 3641 novi,
577 3584 711 3648 quorum
733 3563 799 3628 baec
822 3567 869 3628 est
892 3561 1050 3648 praecipua
1071 3561 1136 3626 fero
1159 3563 1191 3624 et

43 3668 104 3734 sola
127 3690 216 3747 cura,
240 3670 278 3732 ut
298 3687 358 3748 ree,
382 3669 485 3734 alieno
508 3669 615 3733 labore
638 3674 756 3753 partas,
782 3669 815 3732 in
838 3690 961 3733 summo
984 3667 1062 3730 luxu
1077 3670 1109 3730 et
1124 3665 1190 3729 otio

42 3773 176 3858 vitaeque
200 3773 336 3838 mollitie
360 3778 391 3838 et
413 3775 612 3860 turpitudine
636 3776 834 3852 consumant,
858 3778 895 3837 ut
913 3773 999 3836 orbis
1015 3769 1190 3835 Christiani

40 3879 218 3960 provincias
241 3879 392 3963 expilant,
417 3885 454 3946 ut
476 3881 534 3944 sub
558 3879 695 3944 ecclesiae
710 3879 806 3943 titulo
824 3877 948 3962 quidvis
963 3876 1108 3940 audeant.
1145 3873 1189 3937 Hi
1232 3878 1235 3884 '

40 3989 111 4050 sunt
134 3983 212 4048 novi
234 3983 322 4050 illius
344 3985 509 4050 dictatoris
532 3985 716 4065 consiliarii,
740 3991 772 4048 et
794 3986 922 4050 senatus
945 3980 1108 4066 praesides,
1133 3977 1189 4061 qui

39 4093 170 4173 propter
192 4089 394 4155 eeclesiarum
416 4091 735 4170 administrationem,
759 4095 796 4154 ut
818 4111 883 4175 pree
905 4110 938 4152 se
960 4088 1068 4151 ferunt
1091 4087 1123 4148 et
1145 4082 1188 4146 si-

39 4195 180 4272 mulant,
210 4195 243 4258 in
267 4217 339 4260 eum
362 4197 504 4262 ordinem
527 4197 637 4275 asciti,
670 4197 812 4272 faciunt,
847 4194 930 4279 quod
953 4192 1029 4256 olim
1051 4189 1188 4254 Romani

39 4303 199 4364 senatores
222 4299 380 4368 fecerunt:
404 4303 630 4368 administrant
645 4302 830 4386 provincias,
854 4303 886 4364 et
902 4297 1111 4364 amandantur
1125 4294 1188 4358 huc

38 4399 111 4468 illue
135 4409 289 4490 tanquam
311 4409 514 4491 proconsules
537 4412 568 4474 et
589 4408 689 4494 legati
711 4413 744 4472 et
765 4406 897 4472 tribuni.
937 4404 1078 4486 Cumque
1101 4401 1186 4484 ipso-
