2930 4998
819 377 879 438 198

273 550 409 628 vindex,
443 550 583 634 ipsorum
619 552 723 613 tamen
757 548 906 612 ferociam
938 552 969 611 et
1000 547 1236 632 improbitatem
1270 569 1333 612 non
1353 546 1407 613 fore

273 655 465 718 diuturnam.
497 652 664 718 Persarum
681 653 859 737 imperium,
884 653 929 716 ait
944 652 1047 730 Plato,
1071 653 1286 736 corru[R]isse
1308 658 1407 732 toturn,

273 783 308 824 eo
332 761 414 845 quod
439 761 534 823 nimis
559 781 675 844 magna
698 762 849 824 servitute
872 763 1067 844 premeretur
1090 760 1234 844 populus.
1273 759 1322 824 Ita
1344 783 1407 843 quo-

273 889 333 950 que
355 865 499 929 futurum
523 869 570 930 est
593 865 688 929 dubio
711 869 837 949 procul,
870 868 906 928 ut
928 869 960 927 et
982 865 1114 929 istorum
1139 865 1408 948 impotentissimus

272 971 451 1035 dominatus
475 971 620 1046 intereat,
645 970 719 1054 quia
741 991 837 1054 supra
860 970 987 1034 modum
1010 974 1058 1033 est
1081 970 1249 1047 violentus,
1279 974 1320 1049 et,
1345 992 1408 1054 quo·

272 1077 359 1141 niam
382 1077 466 1141 flecti
489 1099 551 1140 non
576 1079 690 1161 potest,
715 1076 747 1139 vi
767 1079 804 1139 ut
827 1079 993 1158 rumpatur
1017 1080 1107 1158 oport
1127 1081 1149 1139 t.
1194 1059 1197 1064 ¹

359 1181 410 1246 Ad
433 1182 552 1246 exitum
575 1186 757 1268 properant,
787 1181 874 1245 etin
899 1203 986 1244 suam
1011 1183 1072 1264 ipsi
1095 1182 1222 1246 ruinam
1244 1183 1409 1266 praecipites

274 1289 430 1364 feruntur,
455 1290 582 1372 ejusque
600 1287 644 1350 rei
660 1277 878 1351 manifestiora
900 1287 1041 1371 quotidie
1059 1288 1202 1370 praebent
1226 1293 1408 1372 argumenta.

275 1395 335 1472 Qui
360 1417 444 1458 nunc
464 1416 568 1457 rerum
593 1393 723 1476 potitur,
748 1391 865 1456 Paulus
888 1392 1017 1471 tertius,
1053 1393 1086 1454 in
1111 1393 1149 1456 iis
1173 1393 1313 1470 litteris,
1347 1416 1409 1477 quas
1444 1393 1445 1396 ’

275 1523 373 1582 nuper
396 1500 434 1564 ad
458 1503 607 1582 quartum
631 1498 774 1561 calendas
797 1497 929 1562 Martias
953 1500 1039 1562 dedit
1061 1499 1100 1562 ad
1124 1499 1286 1581 quosdam,
1314 1500 1348 1562 in
1368 1520 1408 1562 oo
1444 1561 1445 1584 3

274 1607 366 1670 mitio
379 1604 487 1688 Spirae,
501 1603 678 1668 Germaniae
690 1603 857 1687 principes,
873 1604 1029 1688 originem
1042 1605 1255 1668 communium
1270 1605 1409 1669 malorum

274 1712 371 1774 refert
387 1709 423 1774 ad
441 1710 526 1774 bella
541 1709 730 1792 dissidiaque
753 1731 874 1793 regum,
898 1712 928 1772 et
941 1708 1064 1786 scribit,
1087 1713 1160 1773 ante
1176 1710 1243 1774 haec
1257 1711 1349 1787 bella,
1365 1731 1410 1772 nec
1444 1705 1445 1778 ζ

273 1817 307 1880 in
319 1815 489 1879 Germania
501 1814 643 1877 extitisse
654 1813 785 1877 haereses
799 1834 856 1876 nec
867 1813 899 1876 in
910 1812 1090 1877 Pannonias
1100 1813 1290 1898 Italiamque
1303 1817 1411 1879 venisse
1444 1807 1445 1864 l

274 1923 400 1986 Turoas.
438 1918 572 1982 Unicum
589 1919 690 2003 igitur
707 1923 737 1982 et
754 1941 910 1982 summum
928 1941 994 1982 esse
1010 1919 1180 1984 remedium
1204 1920 1291 1998 dicit,
1316 1925 1351 1984 ut
1365 1941 1409 2004 po·

496 2122 500 2136 ,
838 2060 855 2097 *
1444 2069 1445 2146 l

274 2169 364 2251 [130]
389 2167 487 2232 Paule
510 2168 687 2242 troisierne,
724 2167 779 2250 qui
809 2172 857 2229 est
887 2171 905 2230 a
935 2171 1063 2248 present
1086 2166 1190 2250 Pape,
1226 2191 1288 2232 aux
1314 2167 1409 2232 lettres
1444 2147 1445 2242 l

273 2274 348 2357 qu'il
384 2297 402 2336 a
437 2273 663 2336 freischenrent
699 2272 826 2335 escrites
859 2272 887 2335 le
922 2269 1144 2354 viirgtsixieme
1179 2275 1215 2337 de
1245 2275 1368 2338 Fevrier
1396 2276 1410 2334 a

274 2379 423 2462 quelques
447 2378 576 2441 Princes
600 2377 807 2460 d'Alemagne
841 2378 896 2459 qui
928 2381 1074 2461 estoyent
1102 2399 1141 2440 θη
1174 2380 1205 2443 la
1234 2380 1361 2462 journee
1381 2379 1411 2441 de
1444 2363 1445 2410 l

272 2483 371 2565 Spire,
396 2482 508 2566 rejette
532 2483 677 2565 l'origine
701 2482 754 2543 des
776 2504 869 2544 maun
894 2503 1057 2545 commune
1080 2504 1141 2545 aux
1164 2505 1292 2566 guerres
1315 2489 1345 2548 et
1359 2483 1409 2547 dif-

272 2589 376 2674 ferens
410 2589 462 2651 des
487 2588 581 2650 Rois:
614 2593 644 2650 et
678 2587 725 2650 dit
759 2608 818 2670 que
850 2587 965 2650 devant
991 2607 1041 2650 ces
1064 2608 1192 2669 guerres
1217 2589 1240 2650 il
1264 2591 1317 2673 n'y
1339 2589 1410 2654 auoit

272 2693 407 2755 heresies
437 2714 474 2754 en
507 2690 700 2774 Alemagne,
733 2711 772 2752 ne
796 2690 895 2753 Turcs
928 2713 966 2753 en
991 2689 1134 2776 Hongrie
1168 2714 1208 2755 ou
1232 2692 1333 2758 Italic.
1375 2691 1410 2755 Le

272 2798 336 2861 seul
364 2799 443 2860 «lonc
466 2801 498 2861 et
521 2796 683 2860 souverain
709 2796 831 2859 remede
854 2800 945 2874 estre,
970 2819 1030 2880 que
1050 2798 1095 2860 les
1111 2819 1261 2880 courages
1279 2799 1329 2862 des
1345 2798 1409 2862 Rois

839 2935 856 2973 ’l‘

272 3044 343 3125 [tn]
371 3041 467 3104 Paulo
490 3041 587 3104 tercio
617 3063 677 3123 que
709 3063 805 3125 agore
835 3045 902 3105 esta
933 3065 971 3106 θη
1002 3042 1033 3106 la
1063 3043 1135 3106 silla
1156 3042 1344 3120 Pontifical,
1377 3064 1408 3105 en

272 3146 396 3228 aqnella
419 3153 506 3210 carta
528 3145 627 3210 hecha
649 3169 667 3209 a
691 3151 804 3230 veynte
826 3170 846 3230 y
869 3169 940 3231 seys
963 3147 999 3210 de
1022 3147 1172 3224 hebrom,
1205 3171 1266 3231 que
1299 3150 1327 3212 el
1349 3151 1408 3210 otro

271 3251 323 3314 dia
345 3253 475 3315 escrivio
499 3275 517 3315 a
544 3253 676 3334 algunos
700 3251 863 3335 Principes
897 3252 1127 3316 de'Alemania
1156 3276 1174 3316 a
1205 3255 1236 3317 la
1259 3253 1349 3318 Dicta
1379 3252 1408 3312 de

271 3355 394 3438 Espira,
419 3356 574 3440 atrybuye
596 3357 624 3418 el
648 3357 759 3439 origen
783 3357 819 3420 cle
843 3357 933 3420 tortos
956 3360 1039 3420 astos
1062 3379 1210 3422 comunes
1229 3356 1408 3423 malesalas

271 3481 400 3543 guerras
423 3483 444 3543 y
467 3461 676 3526 dissensiones
699 3464 736 3525 de
759 3463 805 3526 los
828 3463 947 3547 Reyes,
972 3488 993 3548 y
1016 3464 1134 3529 escrive
1159 3487 1220 3547 que
1245 3469 1331 3528 antes
1358 3483 1407 3545 que

271 3566 391 3628 uviesse
415 3570 496 3628 estas
520 3589 659 3650 guerras,
685 3567 718 3630 ni
741 3569 812 3632 avia
834 3569 926 3631 avido
950 3569 1093 3651 heregias
1117 3592 1155 3634 θη
1180 3569 1358 3645 Alemania,
1379 3567 1406 3629 ni

270 3671 298 3733 el
322 3671 424 3735 Turco
447 3655 516 3734 avia
540 3673 651 3736 venido
683 3696 700 3736 a
725 3673 864 3756 Ungria,
898 3675 932 3737 ni
963 3673 1108 3742 altalia.
1155 3673 1312 3739 Portanto
1339 3674 1405 3746 diae,

270 3799 319 3840 ser
342 3778 369 3840 el
393 3778 486 3841 unico
508 3801 530 3862 y
553 3778 665 3841 ultimo
689 3779 826 3842 remedio
850 3800 910 3860 que
941 3801 973 3842 se
1004 3780 1193 3843 reconcilien
1224 3779 1272 3843 los
1302 3779 1405 3843 animos

837 3916 855 3953 t

270 4021 419 4084 bestelren
443 4023 559 4085 witrde.
597 4021 661 4084 Der
677 4021 824 4106 lltnigen
847 4044 902 4084 aus
923 4021 1052 4086 Persien
1076 4023 1262 4088 Monarchei
1284 4024 1341 4088 und
1363 4042 1403 4084 re-

270 4127 392 4208 giment
416 4129 457 4190 ist
480 4149 537 4212 gar
561 4131 598 4191 zrl
621 4126 722 4191 boden
746 4148 890 4210 gangen,
914 4131 986 4211 sagt
1008 4127 1118 4204 Plan,
1143 4129 1276 4195 darumb
1300 4131 1346 4193 das
1367 4125 1403 4188 sie

270 4232 324 4293 das
346 4233 437 4294 volclr
461 4233 492 4295 in
517 4254 657 4317 grossenr
682 4231 917 4315 untragliohem
946 4232 1096 4316 beuwang
1125 4235 1191 4298 und
1214 4229 1402 4320 eigenthdmb

269 4334 398 4398 hielten.
447 4337 522 4398 Also
545 4337 618 4400 wirt
642 4337 689 4399 dis
713 4336 793 4400 auch
816 4337 968 4414 brechen,
1004 4338 1151 4404 sintemal
1184 4341 1266 4404 siohs
1289 4340 1334 4403 nie
1355 4336 1402 4398 hat

270 4439 382 4506 wlillen
406 4440 529 4529 biegen,
554 4443 666 4506 sonder
689 4446 760 4507 zum
784 4443 862 4507 aller
885 4443 1040 4508 steiffsteu
1064 4445 1307 4532 auffgespannen
1329 4442 1373 4504 ist.
