<?xml version="1.0" encoding="UTF-8"?>
<!DOCTYPE html PUBLIC "-//W3C//DTD XHTML 1.0 Transitional//EN"
    "http://www.w3.org/TR/xhtml1/DTD/xhtml1-transitional.dtd">
<html xmlns="http://www.w3.org/1999/xhtml" xml:lang="en" lang="en">
 <head>
  <title>
</title>
<meta http-equiv="Content-Type" content="text/html;charset=utf-8" />
  <meta name='ocr-system' content='tesseract 3.04.00' />
  <meta name='ocr-capabilities' content='ocr_page ocr_carea ocr_par ocr_line ocrx_word'/>
</head>
<body>
  <div class='ocr_page' id='page_1' title='image "./zweiredenankais00bhgoog/zweiredenankais00bhgoog_0119.png"; bbox 0 0 2902 4996; ppageno 0'>
   <div class='ocr_carea' id='block_1_1' title="bbox 599 361 660 424">
    <p class='ocr_par' dir='ltr' id='par_1_1' title="bbox 599 361 660 424">
     <span class='ocr_line' id='line_1_1' title="bbox 599 361 660 424; baseline -0.033 0"><span class='ocrx_word' id='word_1_1' title='bbox 599 361 660 424; x_wconf 80' lang='lat'>107</span> 
     </span>
    </p>
   </div>
   <div class='ocr_carea' id='block_1_2' title="bbox 18 529 1198 1564">
    <p class='ocr_par' dir='ltr' id='par_1_2' title="bbox 66 529 1198 1353">
     <span class='ocr_line' id='line_1_2' title="bbox 142 529 1198 620; baseline 0.001 -20"><span class='ocrx_word' id='word_1_2' title='bbox 142 533 239 620; x_wconf 89' lang='lat' dir='ltr'>[Hiij]</span> <span class='ocrx_word' id='word_1_3' title='bbox 262 533 372 612; x_wconf 90' lang='lat' dir='ltr'>Initio,</span> <span class='ocrx_word' id='word_1_4' title='bbox 395 555 468 600; x_wconf 85' lang='lat' dir='ltr'>curn</span> <span class='ocrx_word' id='word_1_5' title='bbox 490 532 524 596; x_wconf 91' lang='lat' dir='ltr'>in</span> <span class='ocrx_word' id='word_1_6' title='bbox 547 554 611 598; x_wconf 91' lang='lat' dir='ltr'>nno</span> <span class='ocrx_word' id='word_1_7' title='bbox 634 531 736 596; x_wconf 86' lang='lat' dir='ltr'>solum</span> <span class='ocrx_word' id='word_1_8' title='bbox 755 529 884 596; x_wconf 89' lang='lat' dir='ltr'>homine</span> <span class='ocrx_word' id='word_1_9' title='bbox 910 533 979 598; x_wconf 82' lang='lat' dir='ltr'>tote</span> <span class='ocrx_word' id='word_1_10' title='bbox 1003 533 1096 618; x_wconf 89' lang='lat' dir='ltr'>hujus</span> <span class='ocrx_word' id='word_1_11' title='bbox 1121 531 1198 601; x_wconf 88' lang='lat' dir='ltr'>belli</span> 
     </span>
     <span class='ocr_line' id='line_1_3' title="bbox 71 636 1195 722; baseline 0.003 -20"><span class='ocrx_word' id='word_1_12' title='bbox 71 639 148 703; x_wconf 87' lang='lat' dir='ltr'>noles</span> <span class='ocrx_word' id='word_1_13' title='bbox 163 640 354 718; x_wconf 75' lang='lat' dir='ltr'><strong>consisteret,</strong></span> <span class='ocrx_word' id='word_1_14' title='bbox 369 659 440 704; x_wconf 88' lang='lat' dir='ltr'>cunr</span> <span class='ocrx_word' id='word_1_15' title='bbox 455 636 508 702; x_wconf 89' lang='lat' dir='ltr'>hie</span> <span class='ocrx_word' id='word_1_16' title='bbox 519 637 587 722; x_wconf 88' lang='lat' dir='ltr'>ipse</span> <span class='ocrx_word' id='word_1_17' title='bbox 598 641 700 702; x_wconf 85' lang='lat' dir='ltr'>vester</span> <span class='ocrx_word' id='word_1_18' title='bbox 710 637 810 702; x_wconf 85' lang='lat' dir='ltr'>hostis</span> <span class='ocrx_word' id='word_1_19' title='bbox 825 640 859 702; x_wconf 93' lang='lat' dir='ltr'>et</span> <span class='ocrx_word' id='word_1_20' title='bbox 873 661 891 702; x_wconf 83' lang='lat' dir='ltr'>u</span> <span class='ocrx_word' id='word_1_21' title='bbox 906 637 994 702; x_wconf 89' lang='lat' dir='ltr'>vobis</span> <span class='ocrx_word' id='word_1_22' title='bbox 1018 639 1195 718; x_wconf 80' lang='lat' dir='ltr'>damnatus,</span> 
     </span>
     <span class='ocr_line' id='line_1_4' title="bbox 69 741 1197 827; baseline 0.002 -21"><span class='ocrx_word' id='word_1_23' title='bbox 69 747 93 806; x_wconf 90' lang='lat' dir='ltr'>ct</span> <span class='ocrx_word' id='word_1_24' title='bbox 105 767 120 806; x_wconf 85' lang='lat' dir='ltr'><strong>a</strong></span> <span class='ocrx_word' id='word_1_25' title='bbox 133 742 248 808; x_wconf 80' lang='lat' dir='ltr'>Caesnre</span> <span class='ocrx_word' id='word_1_26' title='bbox 271 747 411 808; x_wconf 87' lang='lat' dir='ltr'>vestrum</span> <span class='ocrx_word' id='word_1_27' title='bbox 434 746 583 827; x_wconf 91' lang='lat' dir='ltr'>sequente</span> <span class='ocrx_word' id='word_1_28' title='bbox 600 741 816 825; x_wconf 71' lang='lat' dir='ltr'>prejudicium</span> <span class='ocrx_word' id='word_1_29' title='bbox 832 741 1092 827; x_wconf 85' lang='lat' dir='ltr'>proscriptus,·et</span> <span class='ocrx_word' id='word_1_30' title='bbox 1107 744 1197 809; x_wconf 90' lang='lat' dir='ltr'>omni</span> 
     </span>
     <span class='ocr_line' id='line_1_5' title="bbox 69 847 1198 933; baseline 0.001 -19"><span class='ocrx_word' id='word_1_31' title='bbox 69 871 148 933; x_wconf 84' lang='lat' dir='ltr'>prope</span> <span class='ocrx_word' id='word_1_32' title='bbox 168 847 306 914; x_wconf 79' lang='lat' dir='ltr'>humano</span> <span class='ocrx_word' id='word_1_33' title='bbox 338 848 507 912; x_wconf 84' lang='lat' dir='ltr'>destitutus</span> <span class='ocrx_word' id='word_1_34' title='bbox 537 851 619 912; x_wconf 90' lang='lat' dir='ltr'>esset</span> <span class='ocrx_word' id='word_1_35' title='bbox 649 847 784 925; x_wconf 77' lang='lat' dir='ltr'>auxilio,</span> <span class='ocrx_word' id='word_1_36' title='bbox 819 847 1007 913; x_wconf 75' lang='lat' dir='ltr'>facillimum</span> <span class='ocrx_word' id='word_1_37' title='bbox 1037 851 1127 927; x_wconf 83' lang='lat' dir='ltr'>eret,</span> <span class='ocrx_word' id='word_1_38' title='bbox 1162 853 1198 915; x_wconf 87' lang='lat' dir='ltr'>ut</span> 
     </span>
     <span class='ocr_line' id='line_1_6' title="bbox 69 951 1197 1037; baseline 0.005 -22"><span class='ocrx_word' id='word_1_39' title='bbox 69 954 173 1034; x_wconf 89' lang='lat' dir='ltr'>quidem</span> <span class='ocrx_word' id='word_1_40' title='bbox 197 953 376 1031; x_wconf 81' lang='lat' dir='ltr'>videbatur,</span> <span class='ocrx_word' id='word_1_41' title='bbox 398 951 473 1017; x_wconf 93' lang='lat' dir='ltr'>huic</span> <span class='ocrx_word' id='word_1_42' title='bbox 497 952 579 1018; x_wconf 82' lang='lat' dir='ltr'>malo</span> <span class='ocrx_word' id='word_1_43' title='bbox 603 951 729 1016; x_wconf 81' lang='lat' dir='ltr'>mederi.</span> <span class='ocrx_word' id='word_1_44' title='bbox 776 951 839 1018; x_wconf 85' lang='lat' dir='ltr'>Cur</span> <span class='ocrx_word' id='word_1_45' title='bbox 861 955 966 1018; x_wconf 84' lang='lat' dir='ltr'>autern</span> <span class='ocrx_word' id='word_1_46' title='bbox 990 952 1022 1016; x_wconf 91' lang='lat' dir='ltr'>in</span> <span class='ocrx_word' id='word_1_47' title='bbox 1046 974 1080 1016; x_wconf 90' lang='lat' dir='ltr'>re</span> <span class='ocrx_word' id='word_1_48' title='bbox 1103 973 1197 1037; x_wconf 85' lang='lat' dir='ltr'>pecu-</span> 
     </span>
     <span class='ocr_line' id='line_1_7' title="bbox 67 1056 1198 1144; baseline 0.004 -22"><span class='ocrx_word' id='word_1_49' title='bbox 67 1057 169 1124; x_wconf 81' lang='lat' dir='ltr'>liariter</span> <span class='ocrx_word' id='word_1_50' title='bbox 196 1059 234 1124; x_wconf 83' lang='lat' dir='ltr'>ad</span> <span class='ocrx_word' id='word_1_51' title='bbox 265 1079 321 1124; x_wconf 85' lang='lat' dir='ltr'>vos</span> <span class='ocrx_word' id='word_1_52' title='bbox 343 1059 523 1143; x_wconf 72' lang='lat' dir='ltr'>pertinente</span> <span class='ocrx_word' id='word_1_53' title='bbox 545 1062 611 1123; x_wconf 88' lang='lat' dir='ltr'>tem</span> <span class='ocrx_word' id='word_1_54' title='bbox 634 1057 742 1124; x_wconf 81' lang='lat' dir='ltr'>fuistis</span> <span class='ocrx_word' id='word_1_55' title='bbox 766 1057 987 1144; x_wconf 77' lang='lat' dir='ltr'>negligentes?</span> <span class='ocrx_word' id='word_1_56' title='bbox 1032 1056 1099 1122; x_wconf 84' lang='lat' dir='ltr'>Aut</span> <span class='ocrx_word' id='word_1_57' title='bbox 1122 1079 1198 1126; x_wconf 81' lang='lat' dir='ltr'>sane</span> 
     </span>
     <span class='ocr_line' id='line_1_8' title="bbox 68 1161 1196 1248; baseline 0.002 -22"><span class='ocrx_word' id='word_1_58' title='bbox 68 1164 284 1247; x_wconf 83' lang='lat' dir='ltr'>contempsistis</span> <span class='ocrx_word' id='word_1_59' title='bbox 300 1168 356 1228; x_wconf 84' lang='lat' dir='ltr'>aut</span> <span class='ocrx_word' id='word_1_60' title='bbox 372 1185 436 1228; x_wconf 91' lang='lat' dir='ltr'>non</span> <span class='ocrx_word' id='word_1_61' title='bbox 451 1163 601 1248; x_wconf 88' lang='lat' dir='ltr'>potuistis</span> <span class='ocrx_word' id='word_1_62' title='bbox 617 1163 703 1228; x_wconf 75' lang='lat' dir='ltr'>aliur]</span> <span class='ocrx_word' id='word_1_63' title='bbox 719 1168 879 1248; x_wconf 85' lang='lat' dir='ltr'>praestere.</span> <span class='ocrx_word' id='word_1_64' title='bbox 907 1161 940 1228; x_wconf 83' lang='lat' dir='ltr'>Si</span> <span class='ocrx_word' id='word_1_65' title='bbox 950 1163 1196 1248; x_wconf 64' lang='lat' dir='ltr'>contempsistis,</span> 
     </span>
     <span class='ocr_line' id='line_1_9' title="bbox 66 1268 1197 1353; baseline 0.003 -22"><span class='ocrx_word' id='word_1_66' title='bbox 66 1269 162 1351; x_wconf 87' lang='lat' dir='ltr'>pudere</span> <span class='ocrx_word' id='word_1_67' title='bbox 173 1291 227 1335; x_wconf 83' lang='lat' dir='ltr'>vos</span> <span class='ocrx_word' id='word_1_68' title='bbox 239 1269 351 1345; x_wconf 71' lang='lat' dir='ltr'>debet,</span> <span class='ocrx_word' id='word_1_69' title='bbox 368 1268 394 1334; x_wconf 88' lang='lat' dir='ltr'>si</span> <span class='ocrx_word' id='word_1_70' title='bbox 409 1290 473 1333; x_wconf 91' lang='lat' dir='ltr'>non</span> <span class='ocrx_word' id='word_1_71' title='bbox 489 1269 647 1353; x_wconf 87' lang='lat' dir='ltr'>potuistis,</span> <span class='ocrx_word' id='word_1_72' title='bbox 661 1269 776 1335; x_wconf 88' lang='lat' dir='ltr'>mirum</span> <span class='ocrx_word' id='word_1_73' title='bbox 792 1270 851 1334; x_wconf 89' lang='lat' dir='ltr'>hoo</span> <span class='ocrx_word' id='word_1_74' title='bbox 866 1269 1025 1336; x_wconf 77' lang='lat' dir='ltr'>videbitur</span> <span class='ocrx_word' id='word_1_75' title='bbox 1040 1269 1197 1350; x_wconf 71' lang='lat' dir='ltr'>omnibuS,</span> 
     </span>
    </p>

    <p class='ocr_par' dir='ltr' id='par_1_3' title="bbox 18 1373 1197 1564">
     <span class='ocr_line' id='line_1_10' title="bbox 64 1373 1196 1458; baseline 0.003 -20.883"><span class='ocrx_word' id='word_1_76' title='bbox 64 1375 218 1455; x_wconf 80' lang='lat' dir='ltr'>presertim</span> <span class='ocrx_word' id='word_1_77' title='bbox 242 1373 435 1458; x_wconf 77' lang='lat' dir='ltr'>posteritati,</span> <span class='ocrx_word' id='word_1_78' title='bbox 460 1374 543 1458; x_wconf 88' lang='lat' dir='ltr'>quod</span> <span class='ocrx_word' id='word_1_79' title='bbox 568 1395 634 1440; x_wconf 89' lang='lat' dir='ltr'>rem</span> <span class='ocrx_word' id='word_1_80' title='bbox 656 1375 732 1440; x_wconf 83' lang='lat' dir='ltr'>adeo</span> <span class='ocrx_word' id='word_1_81' title='bbox 754 1374 878 1440; x_wconf 75' lang='lat' dir='ltr'>facilem</span> <span class='ocrx_word' id='word_1_82' title='bbox 902 1373 990 1440; x_wconf 77' lang='lat' dir='ltr'>fectu</span> <span class='ocrx_word' id='word_1_83' title='bbox 1012 1395 1077 1439; x_wconf 89' lang='lat' dir='ltr'>non</span> <span class='ocrx_word' id='word_1_84' title='bbox 1092 1374 1196 1458; x_wconf 86' lang='lat' dir='ltr'>perse-</span> 
     </span>
     <span class='ocr_line' id='line_1_11' title="bbox 18 1469 1197 1564; baseline 0 -23"><span class='ocrx_word' id='word_1_85' title='bbox 18 1469 19 1474; x_wconf 33' lang='lat'><em>*</em></span> <span class='ocrx_word' id='word_1_86' title='bbox 64 1479 159 1557; x_wconf 78' lang='lat' dir='ltr'>centio,</span> <span class='ocrx_word' id='word_1_87' title='bbox 182 1479 243 1564; x_wconf 83' lang='lat' dir='ltr'>ipsi</span> <span class='ocrx_word' id='word_1_88' title='bbox 269 1478 521 1564; x_wconf 78' lang='lat' dir='ltr'>locupletissimi,</span> <span class='ocrx_word' id='word_1_89' title='bbox 546 1500 657 1564; x_wconf 88' lang='lat' dir='ltr'>regum</span> <span class='ocrx_word' id='word_1_90' title='bbox 681 1479 808 1563; x_wconf 90' lang='lat' dir='ltr'>insuper</span> <span class='ocrx_word' id='word_1_91' title='bbox 831 1478 948 1544; x_wconf 86' lang='lat' dir='ltr'>muniti</span> <span class='ocrx_word' id='word_1_92' title='bbox 965 1483 997 1543; x_wconf 90' lang='lat' dir='ltr'>et</span> <span class='ocrx_word' id='word_1_93' title='bbox 1011 1477 1197 1561; x_wconf 81' lang='lat' dir='ltr'>amplificati</span> 
     </span>
    </p>
   </div>
   <div class='ocr_carea' id='block_1_3' title="bbox 16 1688 1196 2274">
    <p class='ocr_par' dir='ltr' id='par_1_4' title="bbox 64 1688 1196 1776">
     <span class='ocr_line' id='line_1_12' title="bbox 64 1688 1196 1776; baseline 0.004 -26"><span class='ocrx_word' id='word_1_94' title='bbox 64 1689 99 1751; x_wconf 88' lang='lat' dir='ltr'>usi</span> <span class='ocrx_word' id='word_1_95' title='bbox 119 1711 179 1754; x_wconf 90' lang='lat' dir='ltr'>non</span> <span class='ocrx_word' id='word_1_96' title='bbox 201 1691 302 1755; x_wconf 88' lang='lat' dir='ltr'>semel</span> <span class='ocrx_word' id='word_1_97' title='bbox 325 1691 358 1755; x_wconf 92' lang='lat' dir='ltr'>in</span> <span class='ocrx_word' id='word_1_98' title='bbox 381 1688 442 1756; x_wconf 93' lang='lat' dir='ltr'>hoc</span> <span class='ocrx_word' id='word_1_99' title='bbox 464 1690 593 1776; x_wconf 89' lang='lat' dir='ltr'>negotio</span> <span class='ocrx_word' id='word_1_100' title='bbox 616 1695 746 1756; x_wconf 83' lang='lat' dir='ltr'>strenue</span> <span class='ocrx_word' id='word_1_101' title='bbox 768 1696 800 1756; x_wconf 89' lang='lat' dir='ltr'>et</span> <span class='ocrx_word' id='word_1_102' title='bbox 822 1691 909 1756; x_wconf 84' lang='lat' dir='ltr'>fideli</span> <span class='ocrx_word' id='word_1_103' title='bbox 930 1711 1033 1773; x_wconf 84' lang='lat' dir='ltr'>opera.</span> <span class='ocrx_word' id='word_1_104' title='bbox 1065 1688 1196 1767; x_wconf 82' lang='lat' dir='ltr'>Quoties</span> 
     </span>
    </p>

    <p class='ocr_par' dir='ltr' id='par_1_5' title="bbox 63 1794 1196 1880">
     <span class='ocr_line' id='line_1_13' title="bbox 63 1794 1196 1880; baseline 0.004 -24"><span class='ocrx_word' id='word_1_105' title='bbox 63 1794 128 1857; x_wconf 89' lang='lat' dir='ltr'>enim</span> <span class='ocrx_word' id='word_1_106' title='bbox 150 1800 278 1880; x_wconf 88' lang='lat' dir='ltr'>tempus</span> <span class='ocrx_word' id='word_1_107' title='bbox 301 1797 423 1874; x_wconf 80' lang='lat' dir='ltr'>incidit,</span> <span class='ocrx_word' id='word_1_108' title='bbox 448 1801 483 1860; x_wconf 94' lang='lat' dir='ltr'>ut</span> <span class='ocrx_word' id='word_1_109' title='bbox 501 1796 551 1860; x_wconf 92' lang='lat' dir='ltr'>illi</span> <span class='ocrx_word' id='word_1_110' title='bbox 566 1801 671 1862; x_wconf 85' lang='lat' dir='ltr'>vestro</span> <span class='ocrx_word' id='word_1_111' title='bbox 686 1797 794 1864; x_wconf 78' lang='lat' dir='ltr'>levore</span> <span class='ocrx_word' id='word_1_112' title='bbox 809 1801 841 1862; x_wconf 87' lang='lat' dir='ltr'>et</span> <span class='ocrx_word' id='word_1_113' title='bbox 857 1796 1077 1862; x_wconf 82' lang='lat' dir='ltr'>benevolentia</span> <span class='ocrx_word' id='word_1_114' title='bbox 1091 1815 1196 1860; x_wconf 84' lang='lat' dir='ltr'>curere</span> 
     </span>
    </p>

    <p class='ocr_par' dir='ltr' id='par_1_6' title="bbox 63 1901 1195 1986">
     <span class='ocr_line' id='line_1_14' title="bbox 63 1901 1195 1986; baseline 0.001 -25"><span class='ocrx_word' id='word_1_115' title='bbox 63 1902 265 1983; x_wconf 90' lang='lat' dir='ltr'>nonpossint,</span> <span class='ocrx_word' id='word_1_116' title='bbox 290 1903 336 1968; x_wconf 91' lang='lat' dir='ltr'>ibi</span> <span class='ocrx_word' id='word_1_117' title='bbox 357 1924 412 1966; x_wconf 81' lang='lat' dir='ltr'>vos</span> <span class='ocrx_word' id='word_1_118' title='bbox 436 1902 476 1967; x_wconf 82' lang='lat' dir='ltr'>ab</span> <span class='ocrx_word' id='word_1_119' title='bbox 498 1902 575 1986; x_wconf 88' lang='lat' dir='ltr'>ipsis</span> <span class='ocrx_word' id='word_1_120' title='bbox 598 1903 658 1968; x_wconf 91' lang='lat' dir='ltr'>hoo</span> <span class='ocrx_word' id='word_1_121' title='bbox 673 1903 807 1968; x_wconf 84' lang='lat' dir='ltr'>invicem</span> <span class='ocrx_word' id='word_1_122' title='bbox 824 1901 1027 1986; x_wconf 87' lang='lat' dir='ltr'>extorquetis,</span> <span class='ocrx_word' id='word_1_123' title='bbox 1052 1903 1089 1965; x_wconf 95' lang='lat' dir='ltr'>ut</span> <span class='ocrx_word' id='word_1_124' title='bbox 1103 1921 1195 1984; x_wconf 93' lang='lat' dir='ltr'>opem</span> 
     </span>
    </p>

    <p class='ocr_par' dir='ltr' id='par_1_7' title="bbox 16 2005 1194 2093">
     <span class='ocr_line' id='line_1_15' title="bbox 16 2005 1194 2093; baseline 0.003 -29"><span class='ocrx_word' id='word_1_125' title='bbox 16 2071 17 2076; x_wconf 9' lang='grc' dir='ltr'>η</span> <span class='ocrx_word' id='word_1_126' title='bbox 63 2005 85 2066; x_wconf 86' lang='lat' dir='ltr'>et</span> <span class='ocrx_word' id='word_1_127' title='bbox 104 2006 312 2087; x_wconf 85' lang='lat' dir='ltr'>patrocinium</span> <span class='ocrx_word' id='word_1_128' title='bbox 337 2008 426 2072; x_wconf 87' lang='lat' dir='ltr'>vobis</span> <span class='ocrx_word' id='word_1_129' title='bbox 442 2009 642 2092; x_wconf 83' lang='lat' dir='ltr'>promittent.</span> <span class='ocrx_word' id='word_1_130' title='bbox 681 2008 742 2085; x_wconf 82' lang='lat' dir='ltr'>Qui</span> <span class='ocrx_word' id='word_1_131' title='bbox 765 2009 885 2074; x_wconf 81' lang='lat' dir='ltr'>fectum</span> <span class='ocrx_word' id='word_1_132' title='bbox 908 2011 957 2072; x_wconf 93' lang='lat' dir='ltr'>est</span> <span class='ocrx_word' id='word_1_133' title='bbox 979 2007 1090 2093; x_wconf 87' lang='lat' dir='ltr'>igitur,</span> <span class='ocrx_word' id='word_1_134' title='bbox 1115 2026 1194 2088; x_wconf 90' lang='lat' dir='ltr'>quo-</span> 
     </span>
    </p>

    <p class='ocr_par' dir='ltr' id='par_1_8' title="bbox 15 2109 1193 2274">
     <span class='ocr_line' id='line_1_16' title="bbox 65 2109 1193 2199; baseline 0.003 -27.873"><span class='ocrx_word' id='word_1_135' title='bbox 65 2109 150 2174; x_wconf 86' lang='lat' dir='ltr'>minus</span> <span class='ocrx_word' id='word_1_136' title='bbox 173 2112 242 2191; x_wconf 91' lang='lat' dir='ltr'>illi,</span> <span class='ocrx_word' id='word_1_137' title='bbox 279 2112 363 2196; x_wconf 91' lang='lat' dir='ltr'>quod</span> <span class='ocrx_word' id='word_1_138' title='bbox 391 2116 424 2178; x_wconf 92' lang='lat' dir='ltr'>et</span> <span class='ocrx_word' id='word_1_139' title='bbox 452 2113 513 2198; x_wconf 91' lang='lat' dir='ltr'>ipsi</span> <span class='ocrx_word' id='word_1_140' title='bbox 545 2135 603 2179; x_wconf 84' lang='lat' dir='ltr'>sue</span> <span class='ocrx_word' id='word_1_141' title='bbox 632 2119 744 2198; x_wconf 90' lang='lat' dir='ltr'>sponte</span> <span class='ocrx_word' id='word_1_142' title='bbox 772 2114 941 2199; x_wconf 77' lang='lat' dir='ltr'>cupiebant</span> <span class='ocrx_word' id='word_1_143' title='bbox 964 2115 996 2177; x_wconf 91' lang='lat' dir='ltr'>et</span> <span class='ocrx_word' id='word_1_144' title='bbox 1017 2111 1106 2180; x_wconf 89' lang='lat' dir='ltr'>vobis</span> <span class='ocrx_word' id='word_1_145' title='bbox 1129 2131 1193 2175; x_wconf 89' lang='lat' dir='ltr'>non</span> 
     </span>
     <span class='ocr_line' id='line_1_17' title="bbox 610 2234 628 2274; baseline 0 0"><span class='ocrx_word' id='word_1_146' title='bbox 610 2234 628 2274; x_wconf 67' lang='lat' dir='ltr'>r</span> 
     </span>
    </p>
   </div>
   <div class='ocr_carea' id='block_1_4' title="bbox 15 2291 1193 2408">
    <p class='ocr_par' dir='ltr' id='par_1_9' title="bbox 15 2291 1193 2408">
     <span class='ocr_line' id='line_1_18' title="bbox 15 2291 1193 2408; baseline 0.005 -28"><span class='ocrx_word' id='word_1_147' title='bbox 15 2291 17 2322; x_wconf 44' lang='grc'><strong>1</strong></span> <span class='ocrx_word' id='word_1_148' title='bbox 61 2339 118 2383; x_wconf 82' lang='lat' dir='ltr'>nun</span> <span class='ocrx_word' id='word_1_149' title='bbox 138 2321 215 2387; x_wconf 87' lang='lat' dir='ltr'>ench</span> <span class='ocrx_word' id='word_1_150' title='bbox 233 2328 316 2388; x_wconf 84' lang='lat' dir='ltr'>etwa</span> <span class='ocrx_word' id='word_1_151' title='bbox 330 2322 391 2388; x_wconf 87' lang='lat' dir='ltr'>mit</span> <span class='ocrx_word' id='word_1_152' title='bbox 405 2322 544 2408; x_wconf 89' lang='lat' dir='ltr'>gleicher</span> <span class='ocrx_word' id='word_1_153' title='bbox 560 2346 683 2389; x_wconf 88' lang='lat' dir='ltr'>mnsseu</span> <span class='ocrx_word' id='word_1_154' title='bbox 696 2324 869 2390; x_wconf 89' lang='lat' dir='ltr'>widerumb</span> <span class='ocrx_word' id='word_1_155' title='bbox 885 2323 1061 2388; x_wconf 69' lang='lat' dir='ltr'>einmfcssen</span> <span class='ocrx_word' id='word_1_156' title='bbox 1078 2320 1193 2386; x_wconf 75' lang='lat' dir='ltr'>wirdt?</span> 
     </span>
    </p>
   </div>
   <div class='ocr_carea' id='block_1_5' title="bbox 14 2421 1194 4300">
    <p class='ocr_par' dir='ltr' id='par_1_10' title="bbox 14 2421 1193 2514">
     <span class='ocr_line' id='line_1_19' title="bbox 14 2421 1193 2514; baseline 0.003 -29"><span class='ocrx_word' id='word_1_157' title='bbox 14 2473 16 2514; x_wconf 42' lang='grc' dir='ltr'>ᾗ</span> <span class='ocrx_word' id='word_1_158' title='bbox 58 2421 186 2492; x_wconf 74' lang='lat' dir='ltr'>llosihet</span> <span class='ocrx_word' id='word_1_159' title='bbox 209 2428 255 2494; x_wconf 90' lang='lat' dir='ltr'>im</span> <span class='ocrx_word' id='word_1_160' title='bbox 275 2428 309 2512; x_wconf 88' lang='lat' dir='ltr'>jn</span> <span class='ocrx_word' id='word_1_161' title='bbox 334 2427 417 2494; x_wconf 90' lang='lat' dir='ltr'>noch</span> <span class='ocrx_word' id='word_1_162' title='bbox 439 2428 502 2493; x_wconf 85' lang='lat' dir='ltr'>fast</span> <span class='ocrx_word' id='word_1_163' title='bbox 526 2428 664 2509; x_wconf 90' lang='lat' dir='ltr'>ehnlich,</span> <span class='ocrx_word' id='word_1_164' title='bbox 688 2430 753 2495; x_wconf 88' lang='lat' dir='ltr'>und</span> <span class='ocrx_word' id='word_1_165' title='bbox 776 2451 808 2494; x_wconf 88' lang='lat' dir='ltr'>es</span> <span class='ocrx_word' id='word_1_166' title='bbox 832 2427 1014 2494; x_wconf 71' lang='lat' dir='ltr'>mtchtwol</span> <span class='ocrx_word' id='word_1_167' title='bbox 1030 2427 1085 2492; x_wconf 82' lang='lat' dir='ltr'>das</span> <span class='ocrx_word' id='word_1_168' title='bbox 1100 2425 1193 2512; x_wconf 81' lang='lat' dir='ltr'>vorig</span> 
     </span>
    </p>

    <p class='ocr_par' dir='ltr' id='par_1_11' title="bbox 14 2515 620 2618">
     <span class='ocr_line' id='line_1_20' title="bbox 14 2530 620 2618; baseline 0.018 -29"><span class='ocrx_word' id='word_1_169' title='bbox 14 2541 16 2618; x_wconf 55' lang='lat' dir='ltr'>p</span> <span class='ocrx_word' id='word_1_170' title='bbox 59 2530 230 2611; x_wconf 89' lang='lat' dir='ltr'>spriohwort</span> <span class='ocrx_word' id='word_1_171' title='bbox 252 2534 303 2598; x_wconf 87' lang='lat' dir='ltr'>ins</span> <span class='ocrx_word' id='word_1_172' title='bbox 327 2535 430 2600; x_wconf 86' lang='lat' dir='ltr'>werck</span> <span class='ocrx_word' id='word_1_173' title='bbox 452 2535 620 2618; x_wconf 74' lang='lat' dir='ltr'>koment†</span> 
     </span>
    </p>

    <p class='ocr_par' dir='ltr' id='par_1_12' title="bbox 14 2619 1194 2726">
     <span class='ocr_line' id='line_1_21' title="bbox 14 2619 1194 2726; baseline 0.003 -29"><span class='ocrx_word' id='word_1_174' title='bbox 14 2619 16 2706; x_wconf 83' lang='grc'><strong>1</strong></span> <span class='ocrx_word' id='word_1_175' title='bbox 58 2631 114 2698; x_wconf 79' lang='lat' dir='ltr'>wie</span> <span class='ocrx_word' id='word_1_176' title='bbox 134 2638 191 2702; x_wconf 88' lang='lat' dir='ltr'>offt</span> <span class='ocrx_word' id='word_1_177' title='bbox 214 2640 273 2703; x_wconf 88' lang='lat' dir='ltr'>ists</span> <span class='ocrx_word' id='word_1_178' title='bbox 297 2639 375 2704; x_wconf 87' lang='lat' dir='ltr'>euch</span> <span class='ocrx_word' id='word_1_179' title='bbox 397 2639 551 2705; x_wconf 84' lang='lat' dir='ltr'>hertnlioh</span> <span class='ocrx_word' id='word_1_180' title='bbox 573 2641 635 2705; x_wconf 86' lang='lat' dir='ltr'>leid</span> <span class='ocrx_word' id='word_1_181' title='bbox 658 2661 820 2726; x_wconf 80' lang='lat' dir='ltr'>genesen,</span> <span class='ocrx_word' id='word_1_182' title='bbox 853 2639 917 2704; x_wconf 90' lang='lat' dir='ltr'>und</span> <span class='ocrx_word' id='word_1_183' title='bbox 952 2637 1051 2716; x_wconf 84' lang='lat' dir='ltr'>noch,</span> <span class='ocrx_word' id='word_1_184' title='bbox 1087 2636 1143 2702; x_wconf 85' lang='lat' dir='ltr'>des</span> <span class='ocrx_word' id='word_1_185' title='bbox 1165 2635 1194 2700; x_wconf 90' lang='lat' dir='ltr'>ir</span> 
     </span>
    </p>

    <p class='ocr_par' dir='ltr' id='par_1_13' title="bbox 14 2743 1192 4300">
     <span class='ocr_line' id='line_1_22' title="bbox 14 2743 1191 2831; baseline 0.005 -31"><span class='ocrx_word' id='word_1_186' title='bbox 14 2775 15 2780; x_wconf 20' lang='grc' dir='ltr'><strong>κ</strong></span> <span class='ocrx_word' id='word_1_187' title='bbox 58 2759 100 2802; x_wconf 84' lang='lat' dir='ltr'>vor</span> <span class='ocrx_word' id='word_1_188' title='bbox 119 2744 273 2828; x_wconf 81' lang='lat' dir='ltr'>zuentzig</span> <span class='ocrx_word' id='word_1_189' title='bbox 291 2744 383 2827; x_wconf 82' lang='lat' dir='ltr'>juren</span> <span class='ocrx_word' id='word_1_190' title='bbox 405 2746 456 2810; x_wconf 93' lang='lat' dir='ltr'>nit</span> <span class='ocrx_word' id='word_1_191' title='bbox 478 2749 516 2811; x_wconf 76' lang='lat' dir='ltr'>nh</span> <span class='ocrx_word' id='word_1_192' title='bbox 539 2745 593 2810; x_wconf 91' lang='lat' dir='ltr'>der</span> <span class='ocrx_word' id='word_1_193' title='bbox 615 2746 729 2810; x_wconf 78' lang='lat' dir='ltr'>eschen</span> <span class='ocrx_word' id='word_1_194' title='bbox 752 2745 888 2831; x_wconf 78' lang='lat' dir='ltr'>gethan,</span> <span class='ocrx_word' id='word_1_195' title='bbox 920 2743 984 2809; x_wconf 89' lang='lat' dir='ltr'>und</span> <span class='ocrx_word' id='word_1_196' title='bbox 1014 2743 1069 2808; x_wconf 86' lang='lat' dir='ltr'>das</span> <span class='ocrx_word' id='word_1_197' title='bbox 1094 2761 1191 2826; x_wconf 83' lang='lat' dir='ltr'>enge·</span> 
     </span>
     <span class='ocr_line' id='line_1_23' title="bbox 57 2847 1192 2934; baseline 0.004 -29"><span class='ocrx_word' id='word_1_198' title='bbox 57 2847 156 2910; x_wconf 78' lang='lat' dir='ltr'>rtindet</span> <span class='ocrx_word' id='word_1_199' title='bbox 177 2847 255 2912; x_wconf 85' lang='lat' dir='ltr'>fewr</span> <span class='ocrx_word' id='word_1_200' title='bbox 288 2849 518 2934; x_wconf 83' lang='lat' dir='ltr'>aussgelosehen</span> <span class='ocrx_word' id='word_1_201' title='bbox 548 2849 667 2914; x_wconf 86' lang='lat' dir='ltr'>hebent</span> <span class='ocrx_word' id='word_1_202' title='bbox 683 2847 710 2928; x_wconf 92' lang='lat'>¹,</span> <span class='ocrx_word' id='word_1_203' title='bbox 742 2850 782 2913; x_wconf 84' lang='lat' dir='ltr'>de</span> <span class='ocrx_word' id='word_1_204' title='bbox 812 2871 844 2913; x_wconf 91' lang='lat' dir='ltr'>es</span> <span class='ocrx_word' id='word_1_205' title='bbox 876 2871 937 2914; x_wconf 91' lang='lat' dir='ltr'>nur</span> <span class='ocrx_word' id='word_1_206' title='bbox 967 2849 1035 2914; x_wconf 84' lang='lat' dir='ltr'>auff</span> <span class='ocrx_word' id='word_1_207' title='bbox 1065 2848 1192 2932; x_wconf 82' lang='lat' dir='ltr'>singem</span> 
     </span>
     <span class='ocr_line' id='line_1_24' title="bbox 57 2947 1190 3038; baseline 0.006 -28"><span class='ocrx_word' id='word_1_208' title='bbox 57 2947 157 3036; x_wconf 83' lang='lat' dir='ltr'>cintnig</span> <span class='ocrx_word' id='word_1_209' title='bbox 186 2953 343 3038; x_wconf 85' lang='lat' dir='ltr'>geringen</span> <span class='ocrx_word' id='word_1_210' title='bbox 378 2955 548 3020; x_wconf 90' lang='lat' dir='ltr'>menschen</span> <span class='ocrx_word' id='word_1_211' title='bbox 582 2956 717 3034; x_wconf 80' lang='lat' dir='ltr'>strinde,</span> <span class='ocrx_word' id='word_1_212' title='bbox 752 2957 806 3022; x_wconf 91' lang='lat' dir='ltr'>der</span> <span class='ocrx_word' id='word_1_213' title='bbox 835 2977 896 3021; x_wconf 87' lang='lat' dir='ltr'>von</span> <span class='ocrx_word' id='word_1_214' title='bbox 928 2956 982 3020; x_wconf 88' lang='lat' dir='ltr'>der</span> <span class='ocrx_word' id='word_1_215' title='bbox 1010 2953 1190 3020; x_wconf 85' lang='lat' dir='ltr'>weltlichen</span> 
     </span>
     <span class='ocr_line' id='line_1_25' title="bbox 57 3048 1191 3147; baseline 0.008 -34"><span class='ocrx_word' id='word_1_216' title='bbox 57 3048 207 3134; x_wconf 84' lang='lat' dir='ltr'>Oberheit,</span> <span class='ocrx_word' id='word_1_217' title='bbox 232 3057 290 3120; x_wconf 93' lang='lat' dir='ltr'>inn</span> <span class='ocrx_word' id='word_1_218' title='bbox 314 3057 366 3124; x_wconf 88' lang='lat' dir='ltr'>des</span> <span class='ocrx_word' id='word_1_219' title='bbox 389 3063 526 3144; x_wconf 82' lang='lat' dir='ltr'>gantzen</span> <span class='ocrx_word' id='word_1_220' title='bbox 550 3059 664 3124; x_wconf 87' lang='lat' dir='ltr'>Reichs</span> <span class='ocrx_word' id='word_1_221' title='bbox 687 3061 988 3147; x_wconf 84' lang='lat' dir='ltr'>gegenwertigkeit,</span> <span class='ocrx_word' id='word_1_222' title='bbox 1022 3059 1191 3136; x_wconf 82' lang='lat' dir='ltr'>verdamet,</span> 
     </span>
     <span class='ocr_line' id='line_1_26' title="bbox 56 3155 1190 3244; baseline 0.007 -26"><span class='ocrx_word' id='word_1_223' title='bbox 56 3155 98 3220; x_wconf 87' lang='lat' dir='ltr'>der</span> <span class='ocrx_word' id='word_1_224' title='bbox 117 3182 176 3224; x_wconf 89' lang='lat' dir='ltr'>von</span> <span class='ocrx_word' id='word_1_225' title='bbox 199 3162 285 3226; x_wconf 79' lang='lat' dir='ltr'>allen</span> <span class='ocrx_word' id='word_1_226' title='bbox 311 3164 480 3228; x_wconf 87' lang='lat' dir='ltr'>menschen</span> <span class='ocrx_word' id='word_1_227' title='bbox 503 3165 553 3229; x_wconf 84' lang='lat' dir='ltr'>nit</span> <span class='ocrx_word' id='word_1_228' title='bbox 576 3165 672 3230; x_wconf 84' lang='lat' dir='ltr'>allein</span> <span class='ocrx_word' id='word_1_229' title='bbox 689 3165 851 3230; x_wconf 73' lang='lat' dir='ltr'>oerlassen</span> <span class='ocrx_word' id='word_1_230' title='bbox 874 3188 949 3244; x_wconf 84' lang='lat' dir='ltr'>wer,</span> <span class='ocrx_word' id='word_1_231' title='bbox 972 3165 1086 3231; x_wconf 90' lang='lat' dir='ltr'>sonder</span> <span class='ocrx_word' id='word_1_232' title='bbox 1109 3161 1190 3229; x_wconf 80' lang='lat' dir='ltr'>euch</span> 
     </span>
     <span class='ocr_line' id='line_1_27' title="bbox 56 3263 1189 3358; baseline 0.01 -35"><span class='ocrx_word' id='word_1_233' title='bbox 56 3263 151 3328; x_wconf 78' lang='lat' dir='ltr'>undere</span> <span class='ocrx_word' id='word_1_234' title='bbox 173 3266 236 3345; x_wconf 92' lang='lat' dir='ltr'>nit,</span> <span class='ocrx_word' id='word_1_235' title='bbox 261 3269 363 3332; x_wconf 86' lang='lat' dir='ltr'>weder</span> <span class='ocrx_word' id='word_1_236' title='bbox 386 3270 445 3333; x_wconf 88' lang='lat' dir='ltr'>den</span> <span class='ocrx_word' id='word_1_237' title='bbox 469 3271 539 3334; x_wconf 88' lang='lat' dir='ltr'>todt</span> <span class='ocrx_word' id='word_1_238' title='bbox 561 3271 626 3334; x_wconf 90' lang='lat' dir='ltr'>und</span> <span class='ocrx_word' id='word_1_239' title='bbox 650 3270 770 3336; x_wconf 80' lang='lat' dir='ltr'>allerlei</span> <span class='ocrx_word' id='word_1_240' title='bbox 794 3273 983 3358; x_wconf 85' lang='lat' dir='ltr'>verfolgung</span> <span class='ocrx_word' id='word_1_241' title='bbox 1005 3275 1044 3336; x_wconf 82' lang='lat' dir='ltr'>nir</span> <span class='ocrx_word' id='word_1_242' title='bbox 1066 3290 1189 3356; x_wconf 80' lang='lat' dir='ltr'>gewor-</span> 
     </span>
     <span class='ocr_line' id='line_1_28' title="bbox 55 3367 1189 3463; baseline 0.01 -36"><span class='ocrx_word' id='word_1_243' title='bbox 55 3367 97 3430; x_wconf 89' lang='lat' dir='ltr'>tcn</span> <span class='ocrx_word' id='word_1_244' title='bbox 125 3369 199 3449; x_wconf 85' lang='lat' dir='ltr'>het,</span> <span class='ocrx_word' id='word_1_245' title='bbox 236 3372 282 3436; x_wconf 83' lang='lat' dir='ltr'>uls</span> <span class='ocrx_word' id='word_1_246' title='bbox 316 3373 370 3438; x_wconf 90' lang='lat' dir='ltr'>der</span> <span class='ocrx_word' id='word_1_247' title='bbox 400 3375 481 3440; x_wconf 81' lang='lat' dir='ltr'>noch</span> <span class='ocrx_word' id='word_1_248' title='bbox 513 3376 565 3440; x_wconf 88' lang='lat' dir='ltr'>des</span> <span class='ocrx_word' id='word_1_249' title='bbox 591 3375 686 3460; x_wconf 84' lang='lat' dir='ltr'>gleits</span> <span class='ocrx_word' id='word_1_250' title='bbox 708 3377 772 3441; x_wconf 88' lang='lat' dir='ltr'>und</span> <span class='ocrx_word' id='word_1_251' title='bbox 796 3377 928 3442; x_wconf 85' lang='lat' dir='ltr'>etlieher</span> <span class='ocrx_word' id='word_1_252' title='bbox 950 3382 1007 3463; x_wconf 81' lang='lat' dir='ltr'>teg</span> <span class='ocrx_word' id='word_1_253' title='bbox 1029 3377 1189 3460; x_wconf 84' lang='lat' dir='ltr'>eullgang,</span> 
     </span>
     <span class='ocr_line' id='line_1_29' title="bbox 56 3467 1189 3556; baseline 0.008 -25"><span class='ocrx_word' id='word_1_254' title='bbox 56 3467 129 3535; x_wconf 86' lang='lat' dir='ltr'>leins</span> <span class='ocrx_word' id='word_1_255' title='bbox 151 3481 219 3540; x_wconf 84' lang='lat' dir='ltr'>orts</span> <span class='ocrx_word' id='word_1_256' title='bbox 243 3477 346 3542; x_wconf 87' lang='lat' dir='ltr'>sicher</span> <span class='ocrx_word' id='word_1_257' title='bbox 367 3500 433 3542; x_wconf 80' lang='lat' dir='ltr'>war</span> <span class='ocrx_word' id='word_1_258' title='bbox 448 3477 476 3556; x_wconf 87' lang='lat'>¹,</span> <span class='ocrx_word' id='word_1_259' title='bbox 507 3479 558 3544; x_wconf 86' lang='lat' dir='ltr'>De</span> <span class='ocrx_word' id='word_1_260' title='bbox 579 3481 682 3546; x_wconf 77' lang='lat' dir='ltr'>zfimal</span> <span class='ocrx_word' id='word_1_261' title='bbox 705 3503 770 3546; x_wconf 84' lang='lat' dir='ltr'>nur</span> <span class='ocrx_word' id='word_1_262' title='bbox 794 3502 825 3546; x_wconf 88' lang='lat' dir='ltr'>es</span> <span class='ocrx_word' id='word_1_263' title='bbox 848 3481 1012 3547; x_wconf 88' lang='lat' dir='ltr'>leiohtlich</span> <span class='ocrx_word' id='word_1_264' title='bbox 1034 3483 1073 3545; x_wconf 78' lang='lat' dir='ltr'>nil</span> <span class='ocrx_word' id='word_1_265' title='bbox 1097 3478 1189 3543; x_wconf 77' lang='lat' dir='ltr'>rhun.</span> 
     </span>
     <span class='ocr_line' id='line_1_30' title="bbox 55 3573 1190 3652; baseline 0.007 -12"><span class='ocrx_word' id='word_1_266' title='bbox 55 3573 194 3645; x_wconf 84' lang='lat' dir='ltr'>Warnmb</span> <span class='ocrx_word' id='word_1_267' title='bbox 218 3581 298 3647; x_wconf 81' lang='lat' dir='ltr'>habt</span> <span class='ocrx_word' id='word_1_268' title='bbox 320 3583 365 3647; x_wconf 89' lang='lat' dir='ltr'>irs</span> <span class='ocrx_word' id='word_1_269' title='bbox 388 3583 472 3649; x_wconf 83' lang='lat' dir='ltr'>donn</span> <span class='ocrx_word' id='word_1_270' title='bbox 496 3585 725 3651; x_wconf 84' lang='lat' dir='ltr'>underlassen?</span> <span class='ocrx_word' id='word_1_271' title='bbox 760 3585 928 3652; x_wconf 82' lang='lat' dir='ltr'>Entweder</span> <span class='ocrx_word' id='word_1_272' title='bbox 951 3586 980 3650; x_wconf 90' lang='lat' dir='ltr'>ir</span> <span class='ocrx_word' id='word_1_273' title='bbox 1001 3585 1095 3652; x_wconf 83' lang='lat' dir='ltr'>habts</span> <span class='ocrx_word' id='word_1_274' title='bbox 1119 3605 1190 3648; x_wconf 83' lang='lat' dir='ltr'>ver·</span> 
     </span>
     <span class='ocr_line' id='line_1_31' title="bbox 54 3681 1190 3776; baseline 0.006 -32"><span class='ocrx_word' id='word_1_275' title='bbox 54 3681 129 3763; x_wconf 86' lang='lat' dir='ltr'>aoht,</span> <span class='ocrx_word' id='word_1_276' title='bbox 161 3687 237 3752; x_wconf 86' lang='lat' dir='ltr'>oder</span> <span class='ocrx_word' id='word_1_277' title='bbox 259 3687 312 3752; x_wconf 90' lang='lat' dir='ltr'>ihr</span> <span class='ocrx_word' id='word_1_278' title='bbox 333 3688 427 3754; x_wconf 84' lang='lat' dir='ltr'>hubts</span> <span class='ocrx_word' id='word_1_279' title='bbox 450 3691 501 3754; x_wconf 91' lang='lat' dir='ltr'>nit</span> <span class='ocrx_word' id='word_1_280' title='bbox 523 3698 637 3776; x_wconf 76' lang='lat' dir='ltr'>mtgen</span> <span class='ocrx_word' id='word_1_281' title='bbox 659 3691 762 3771; x_wconf 79' lang='lat' dir='ltr'>thfin,</span> <span class='ocrx_word' id='word_1_282' title='bbox 797 3691 877 3756; x_wconf 85' lang='lat' dir='ltr'>habt</span> <span class='ocrx_word' id='word_1_283' title='bbox 906 3692 950 3757; x_wconf 92' lang='lat' dir='ltr'>irs</span> <span class='ocrx_word' id='word_1_284' title='bbox 974 3690 1119 3768; x_wconf 85' lang='lat' dir='ltr'>veraoht,</span> <span class='ocrx_word' id='word_1_285' title='bbox 1155 3709 1190 3752; x_wconf 90' lang='lat' dir='ltr'>so</span> 
     </span>
     <span class='ocr_line' id='line_1_32' title="bbox 54 3787 1188 3872; baseline 0.007 -24"><span class='ocrx_word' id='word_1_286' title='bbox 54 3787 167 3854; x_wconf 76' lang='lat' dir='ltr'>sissent</span> <span class='ocrx_word' id='word_1_287' title='bbox 189 3792 218 3854; x_wconf 91' lang='lat' dir='ltr'>ir</span> <span class='ocrx_word' id='word_1_288' title='bbox 241 3815 292 3858; x_wconf 80' lang='lat' dir='ltr'>um</span> <span class='ocrx_word' id='word_1_289' title='bbox 316 3793 394 3858; x_wconf 79' lang='lat' dir='ltr'>aller</span> <span class='ocrx_word' id='word_1_290' title='bbox 415 3795 543 3872; x_wconf 88' lang='lat' dir='ltr'>besten,</span> <span class='ocrx_word' id='word_1_291' title='bbox 570 3796 627 3861; x_wconf 87' lang='lat' dir='ltr'>obs</span> <span class='ocrx_word' id='word_1_292' title='bbox 649 3795 728 3861; x_wconf 89' lang='lat' dir='ltr'>euch</span> <span class='ocrx_word' id='word_1_293' title='bbox 750 3795 812 3859; x_wconf 90' lang='lat' dir='ltr'>leid</span> <span class='ocrx_word' id='word_1_294' title='bbox 835 3796 889 3862; x_wconf 88' lang='lat' dir='ltr'>sei.</span> <span class='ocrx_word' id='word_1_295' title='bbox 936 3795 1025 3860; x_wconf 83' lang='lat' dir='ltr'>Hubt</span> <span class='ocrx_word' id='word_1_296' title='bbox 1047 3795 1091 3858; x_wconf 90' lang='lat' dir='ltr'>irs</span> <span class='ocrx_word' id='word_1_297' title='bbox 1113 3792 1188 3856; x_wconf 84' lang='lat' dir='ltr'>eber</span> 
     </span>
     <span class='ocr_line' id='line_1_33' title="bbox 54 3890 1189 3981; baseline 0.007 -28"><span class='ocrx_word' id='word_1_298' title='bbox 54 3890 130 3957; x_wconf 90' lang='lat' dir='ltr'>nicht</span> <span class='ocrx_word' id='word_1_299' title='bbox 162 3900 277 3981; x_wconf 76' lang='lat' dir='ltr'>mtgen</span> <span class='ocrx_word' id='word_1_300' title='bbox 315 3897 418 3975; x_wconf 76' lang='lat' dir='ltr'>chun,</span> <span class='ocrx_word' id='word_1_301' title='bbox 457 3898 611 3963; x_wconf 79' lang='lat' dir='ltr'>hotmen</span> <span class='ocrx_word' id='word_1_302' title='bbox 642 3898 754 3964; x_wconf 85' lang='lat' dir='ltr'>ursech</span> <span class='ocrx_word' id='word_1_303' title='bbox 784 3898 853 3964; x_wconf 86' lang='lat' dir='ltr'>sioh</span> <span class='ocrx_word' id='word_1_304' title='bbox 886 3902 924 3964; x_wconf 78' lang='lat' dir='ltr'>nh</span> <span class='ocrx_word' id='word_1_305' title='bbox 956 3897 1189 3975; x_wconf 88' lang='lat' dir='ltr'>verwunderen,</span> 
     </span>
     <span class='ocr_line' id='line_1_34' title="bbox 54 3994 1186 4089; baseline 0.006 -29"><span class='ocrx_word' id='word_1_306' title='bbox 54 3994 113 4080; x_wconf 81' lang='lat'><strong>[69]</strong></span> <span class='ocrx_word' id='word_1_307' title='bbox 134 4023 240 4066; x_wconf 79' lang='lat' dir='ltr'>noran</span> <span class='ocrx_word' id='word_1_308' title='bbox 263 4024 295 4066; x_wconf 89' lang='lat' dir='ltr'>es</span> <span class='ocrx_word' id='word_1_309' title='bbox 318 4004 470 4089; x_wconf 83' lang='lat' dir='ltr'>mangelt,</span> <span class='ocrx_word' id='word_1_310' title='bbox 495 4005 600 4082; x_wconf 83' lang='lat' dir='ltr'>vorob,</span> <span class='ocrx_word' id='word_1_311' title='bbox 624 4025 659 4068; x_wconf 89' lang='lat' dir='ltr'>so</span> <span class='ocrx_word' id='word_1_312' title='bbox 683 4004 711 4067; x_wconf 90' lang='lat' dir='ltr'>ir</span> <span class='ocrx_word' id='word_1_313' title='bbox 733 4004 815 4069; x_wconf 86' lang='lat' dir='ltr'>solbs</span> <span class='ocrx_word' id='word_1_314' title='bbox 839 4003 905 4068; x_wconf 81' lang='lat' dir='ltr'>also</span> <span class='ocrx_word' id='word_1_315' title='bbox 928 4003 1093 4089; x_wconf 86' lang='lat' dir='ltr'>geweltig,</span> <span class='ocrx_word' id='word_1_316' title='bbox 1119 4003 1186 4067; x_wconf 86' lang='lat' dir='ltr'>und</span> 
     </span>
     <span class='ocr_line' id='line_1_35' title="bbox 54 4098 1188 4193; baseline 0.008 -31"><span class='ocrx_word' id='word_1_317' title='bbox 54 4098 179 4170; x_wconf 84' lang='lat' dir='ltr'>deneben</span> <span class='ocrx_word' id='word_1_318' title='bbox 209 4108 271 4172; x_wconf 83' lang='lat' dir='ltr'>alle</span> <span class='ocrx_word' id='word_1_319' title='bbox 292 4107 484 4173; x_wconf 85' lang='lat' dir='ltr'>Potentaten</span> <span class='ocrx_word' id='word_1_320' title='bbox 519 4109 633 4174; x_wconf 89' lang='lat' dir='ltr'>etliehe</span> <span class='ocrx_word' id='word_1_321' title='bbox 662 4109 707 4173; x_wconf 88' lang='lat' dir='ltr'>vil</span> <span class='ocrx_word' id='word_1_322' title='bbox 733 4111 805 4193; x_wconf 80' lang='lat' dir='ltr'>jar,</span> <span class='ocrx_word' id='word_1_323' title='bbox 839 4110 902 4174; x_wconf 89' lang='lat' dir='ltr'>und</span> <span class='ocrx_word' id='word_1_324' title='bbox 936 4107 1016 4172; x_wconf 92' lang='lat' dir='ltr'>noeh</span> <span class='ocrx_word' id='word_1_325' title='bbox 1053 4108 1188 4192; x_wconf 87' lang='lat' dir='ltr'>(wiewol</span> 
     </span>
     <span class='ocr_line' id='line_1_36' title="bbox 53 4206 1185 4300; baseline 0.008 -32"><span class='ocrx_word' id='word_1_326' title='bbox 53 4206 129 4273; x_wconf 90' lang='lat' dir='ltr'>nicht</span> <span class='ocrx_word' id='word_1_327' title='bbox 150 4212 225 4296; x_wconf 80' lang='lat' dir='ltr'>alle)</span> <span class='ocrx_word' id='word_1_328' title='bbox 248 4213 308 4277; x_wconf 89' lang='lat' dir='ltr'>mit</span> <span class='ocrx_word' id='word_1_329' title='bbox 330 4214 409 4279; x_wconf 90' lang='lat' dir='ltr'>euch</span> <span class='ocrx_word' id='word_1_330' title='bbox 440 4214 576 4300; x_wconf 82' lang='lat' dir='ltr'>gehnbt,</span> <span class='ocrx_word' id='word_1_331' title='bbox 611 4215 663 4279; x_wconf 90' lang='lat' dir='ltr'>bei</span> <span class='ocrx_word' id='word_1_332' title='bbox 685 4215 823 4280; x_wconf 89' lang='lat' dir='ltr'>welchen</span> <span class='ocrx_word' id='word_1_333' title='bbox 847 4215 876 4279; x_wconf 92' lang='lat' dir='ltr'>ir</span> <span class='ocrx_word' id='word_1_334' title='bbox 898 4214 981 4280; x_wconf 81' lang='lat' dir='ltr'>allen</span> <span class='ocrx_word' id='word_1_335' title='bbox 1005 4213 1185 4300; x_wconf 70' lang='lat' dir='ltr'>moglichen</span> 
     </span>
    </p>
   </div>
   <div class='ocr_carea' id='block_1_6' title="bbox 115 4434 363 4493">
    <p class='ocr_par' dir='ltr' id='par_1_14' title="bbox 115 4434 363 4493">
     <span class='ocr_line' id='line_1_37' title="bbox 115 4434 363 4493; baseline 0.02 -5"><span class='ocrx_word' id='word_1_336' title='bbox 115 4434 225 4491; x_wconf 71' lang='lat' dir='ltr'>ruello</span> <span class='ocrx_word' id='word_1_337' title='bbox 244 4440 256 4492; x_wconf 97' lang='grc'><strong>1</strong></span> <span class='ocrx_word' id='word_1_338' title='bbox 276 4436 320 4492; x_wconf 91' lang='lat' dir='ltr'>bis</span> <span class='ocrx_word' id='word_1_339' title='bbox 339 4439 363 4493; x_wconf 91' lang='lat'>1.</span> 
     </span>
    </p>
   </div>
   <div class='ocr_carea' id='block_1_7' title="bbox 0 0 1456 4996">
    <p class='ocr_par' dir='ltr' id='par_1_15' title="bbox 0 0 1456 4996">
     <span class='ocr_line' id='line_1_38' title="bbox 0 0 1456 4996; baseline 0 4"><span class='ocrx_word' id='word_1_340' title='bbox 0 0 1456 4996; x_wconf 95' lang='lat' dir='ltr'> </span> 
     </span>
    </p>
   </div>
  </div>
 </body>
</html>
