2902 4996
834 301 875 363 98

272 474 480 540 nihilominus
503 474 707 539 dissimulant
729 467 761 538 et
775 475 943 540 veritatem
966 471 1160 560 impugnant
1178 477 1211 539 et
1235 476 1411 541 exacerbant
1448 497 1449 556 g

270 583 378 646 omnia
399 584 432 645 et
453 601 651 645 communem
683 579 822 664 patriam
852 580 886 644 in
910 579 1133 665 gravissimum
1156 579 1324 644 discrimen
1347 603 1411 646 con·

266 686 393 768 jiciunt,
416 687 597 751 hominibus
617 685 737 769 judicio
760 686 901 770 praeditis
924 685 1111 769 persuadere
1133 689 1295 768 poterunt,
1319 709 1349 750 se
1368 687 1410 750 f·
1448 669 1449 756 l

269 787 338 856 cere
361 791 444 875 quod
468 791 552 854 viros
576 791 675 856 bonos
698 790 730 853 in
763 791 925 875 republica
954 791 1067 856 decet?
1111 789 1164 854 An
1199 813 1263 855 non
1295 797 1341 856 est
1367 794 1411 856 in-

269 895 429 962 credibilis
446 897 588 980 quaedem
603 896 766 960 temeritas
790 897 855 975 illa,
881 896 963 981 quod
987 895 1020 958 in
1043 894 1103 960 hac
1117 897 1330 979 pulcherrima
1350 899 1410 963 luce

186 1011 189 1015 “
269 1003 422 1080 veritatis,
447 1002 563 1065 audent
586 1001 620 1063 in
644 1001 846 1066 contionibus
870 1006 902 1065 et
925 1002 958 1065 in
982 1001 1090 1079 libris,
1123 1022 1201 1085 quos
1224 1003 1338 1082 edunt,
1369 1003 1411 1068 uf-

268 1109 409 1186 firmare,
442 1127 543 1190 neque
566 1105 699 1185 Oaesari,
730 1129 832 1191 neque
854 1107 983 1192 regibus
1005 1106 1125 1190 pariter
1147 1107 1295 1171 omuibus
1316 1107 1410 1185 licere,

269 1213 439 1297 quicquam
462 1211 497 1276 in
520 1231 615 1274 causa
638 1210 801 1296 religionis
826 1212 1009 1289 decernere,
1044 1215 1075 1275 et
1104 1211 1130 1275 si
1162 1211 1246 1294 quod
1269 1211 1318 1275 illi
1345 1233 1412 1276 con·

268 1318 439 1383 sentientes
462 1317 622 1381 decretum
645 1317 774 1394 faciant,
798 1319 925 1381 irritum
948 1317 1028 1381 illud
1052 1338 1139 1394 esse,
1175 1316 1236 1380 nisi
1260 1315 1411 1400 pontificis
1448 1361 1449 1412 p

268 1423 405 1488 Romani
426 1423 532 1505 jussus
557 1425 588 1485 et
612 1422 783 1486 auctoritas
806 1421 955 1486 accedat?
1000 1420 1118 1506 Cogere
1142 1442 1199 1484 nos
1222 1422 1349 1500 volunt,
1382 1426 1414 1484 nt

269 1528 302 1591 in
326 1549 397 1592 eum
421 1527 600 1611 rejiciamus
629 1527 754 1606 omnia,
790 1527 845 1610 qui
874 1530 1004 1612 propter
1033 1527 1166 1611 impiam
1189 1527 1362 1592 doctrinam
1386 1531 1413 1591 et
1448 1579 1449 1620 ,

156 1671 159 1676 ·
267 1633 497 1712 idololatriam,
531 1637 661 1717 propter
684 1633 837 1697 immania
858 1632 975 1698 scelera
998 1636 1029 1696 et
1051 1633 1150 1697 vitam
1173 1632 1413 1716 impurissimam
1448 1687 1449 1726 ᾗ

267 1761 333 1806 non
357 1740 449 1803 modo
481 1759 546 1802 non
570 1741 677 1821 potest
697 1739 811 1822 judicis
834 1761 1001 1822 personam
1024 1739 1154 1802 induere
1176 1739 1228 1802 sed
1252 1761 1293 1803 ne
1315 1739 1346 1802 in
1366 1739 1413 1822 ju·
1448 1795 1449 1814 ,

268 1845 350 1909 dicio
383 1845 510 1929 quidem
546 1841 757 1927 au[Griiij]det
790 1845 970 1909 consistere.
1016 1843 1132 1908 Nonne
1164 1843 1299 1908 rationis
1329 1865 1414 1908 omne
1448 1901 1449 1904 ,

263 1949 419 2034 judicium
442 1948 575 2026 excedit,
602 1949 637 2013 in
660 1953 730 2015 lota
751 1951 897 2016 videlicet
920 1951 1100 2028 Germania,
1125 1949 1239 2030 Gallia,
1263 1951 1413 2037 Hispania
1448 2007 1449 2043 3

836 2073 854 2112 e

267 2161 374 2224 nichts
397 2159 563 2224 bekennen
587 2161 667 2224 noch
691 2161 886 2241 nachlassen,
910 2162 1024 2226 sunder
1046 2162 1220 2226 verbittern
1245 2160 1307 2225 alle
1331 2161 1411 2246 ding,
1448 2145 1449 2150 ἵ

267 2266 332 2330 und
355 2270 459 2329 setzen
490 2265 556 2328 also
580 2265 737 2330 Teutsche
758 2265 880 2330 Notion
912 2270 1006 2331 zdvor
1036 2267 1070 2330 in
1101 2287 1209 2352 grosse
1231 2265 1414 2329 merckliche
1448 2329 1449 2338 ,

266 2377 332 2448 nor,
357 2370 397 2434 on
420 2369 565 2447 disserte,
590 2369 663 2456 frag
683 2371 745 2449 nn,
768 2371 870 2435 arem
887 2371 1062 2436 valeriani
1080 2372 1131 2435 nn
1145 2370 1295 2456 ongum
1308 2369 1413 2434 sare·
1448 2353 1449 2358 '

265 2475 363 2540 licher
379 2476 497 2560 burger
513 2475 611 2554 seind,
635 2477 721 2540 daun
737 2477 884 2554 Catilina,
909 2477 1077 2562 Cethegus,
1101 2475 1166 2539 und
1190 2475 1307 2538 endere
1329 2474 1413 2539 mehr
1448 2537 1449 2546 ,

265 2601 407 2664 gewesen
430 2584 555 2657 w'dren,
590 2603 638 2646 wo
660 2582 712 2645 ihr
736 2582 908 2668 mdtwillig
930 2583 1128 2666 blutdurscig
1160 2574 1290 2664 gemdt,
1326 2580 1413 2645 einen

264 2685 404 2770 fbrgeng
427 2705 602 2769 gewonnen
625 2685 742 2750 h'atte?
786 2685 827 2750 Ju
848 2685 984 2763 freilich,
1007 2687 1073 2750 und
1096 2707 1131 2750 so
1155 2684 1198 2748 vil
1221 2684 1328 2763 mehr,
1363 2685 1413 2748 das

265 2789 311 2854 sie
332 2789 434 2854 neben
457 2790 528 2854 dem
561 2790 733 2855 verderben
762 2790 846 2856 ihres
869 2791 1081 2870 VaterlandS,
1115 2791 1196 2854 auch
1227 2789 1277 2853 die
1310 2785 1414 2876 gemit
1448 2851 1449 2858 ,

264 2893 330 2956 und
352 2893 506 2978 gewissen
531 2894 625 2957 deren
657 2895 845 2973 menschen,
879 2895 977 2960 durch
1009 2895 1242 2980 handthabung
1277 2897 1334 2960 der
1361 2917 1413 2959 on·

265 2997 471 3063 christlichen
496 3000 570 3079 lere,
595 3000 629 3062 in
653 3021 761 3084 grosse
783 3001 855 3066 fahr
878 3001 942 3065 und
957 3001 1121 3065 verzeiflen
1147 2996 1249 3065 fliren.
1282 2999 1348 3064 Ists
1370 3000 1413 3062 nit

264 3103 335 3166 eine
359 3103 616 3168 onmenschliche
645 3105 798 3184 ktnheit,
814 3150 817 3157 -
833 3107 887 3172 das
917 3106 963 3170 sie
993 3106 1076 3170 noch
1108 3106 1236 3190 heutigs
1259 3109 1349 3191 tage,
1384 3105 1412 3167 in

265 3207 363 3271 disem
386 3207 490 3271 hellen
514 3207 613 3272 liecht
634 3209 689 3273 der
712 3210 854 3287 warheit,
879 3211 943 3274 und
965 3215 1037 3296 yetz
1054 3209 1187 3275 newlich
1203 3210 1339 3280 thiirren
1356 3230 1411 3274 von

264 3313 331 3377 sich
354 3313 519 3377 schreiben
543 3315 608 3377 und
631 3317 742 3394 lernen
752 3314 773 3393 ¹,
798 3315 840 3380 Es
862 3314 925 3378 hab
941 3315 1043 3380 weder
1058 3315 1179 3393 Keiser,
1202 3315 1286 3380 noch
1299 3314 1411 3398 Konig,
1448 3389 1449 3396 ἵ

264 3417 419 3488 nochdie
447 3422 561 3503 gantae
584 3420 678 3498 welt,
714 3421 805 3485 keine
837 3420 965 3498 macht,
1000 3419 1082 3485 ichts
1113 3423 1147 3484 in
1179 3421 1239 3485 den
1271 3421 1411 3505 yetzigen

263 3522 406 3588 missheln
429 3527 466 3588 at
490 3523 679 3602 schliessen,
711 3528 774 3590 und
809 3547 854 3589 wo
886 3529 983 3590 etwas
1007 3546 1068 3590 von
1092 3527 1189 3590 ihnen
1213 3525 1410 3610 geschlossen

263 3623 370 3706 wdrd,
395 3651 449 3716 sey
472 3631 619 3716 nichtig?
663 3631 737 3696 Und
760 3632 873 3696 wbllen
898 3655 957 3696 uns
980 3627 1172 3708 iiberreden,
1207 3631 1266 3694 wir
1288 3625 1409 3694 missen

262 3731 330 3796 auff
350 3731 409 3796 den
432 3738 562 3808 werten,
587 3734 641 3798 der
665 3755 725 3798 von
742 3755 853 3819 wegen
875 3736 958 3800 seins
985 3738 1142 3800 onerbarn
1169 3735 1288 3813 lebena,
1313 3737 1410 3800 seiner
1448 3773 1449 3776 =

262 3836 479 3902 verstrischen
501 3838 584 3917 lere,
609 3838 713 3903 seiner
736 3839 913 3904 mitthaten
937 3840 1064 3919 halben,
1087 3841 1137 3904 nit
1160 3839 1257 3904 allein
1281 3841 1337 3904 das
1360 3861 1408 3924 ge·

261 3943 345 4007 richt
367 3943 418 4006 nit
440 3943 579 4008 besitzen
604 3944 676 4024 ken,
701 3945 815 4008 sonder
837 3945 917 4009 auch
939 3945 984 4009 im
1006 3945 1131 4030 gericht
1154 3945 1205 4008 nit
1228 3944 1313 4008 darff
1333 3942 1408 4008 noch

261 4047 315 4110 wil
337 4048 544 4112 erscheinen?
589 4047 652 4113 lsts
682 4049 731 4113 nit
761 4052 856 4115 auller
879 4051 958 4115 aller
980 4051 1147 4129 vernunst,
1180 4051 1234 4114 das
1259 4049 1408 4114 Teutsch-

261 4150 346 4231 laud,
370 4152 592 4233 Franckreich,
617 4153 757 4239 Spanien
779 4155 846 4220 und
868 4157 983 4222 andere
1011 4154 1217 4239 'samptlieh
1240 4154 1316 4217 oder
1336 4152 1410 4218 auch

834 4293 849 4326 n

333 4379 346 4433 1
366 4377 451 4434 laren
524 4380 539 4432 2
558 4379 632 4433 statt
651 4379 668 4433 2
686 4377 729 4432 bis
748 4380 909 4447 †rsum1na
928 4383 1031 4451 gantae
1049 4380 1169 4450 Europa.
