2930 4998
810 349 873 412 216

263 525 372 590 larunt
396 523 502 588 omniu
523 523 676 589 salutaria
698 523 830 601 decreta,
854 543 955 614 neque
979 523 1077 608 pudet
1100 544 1169 602 coc,
1201 519 1284 585 nihil
1306 542 1399 586 corun

263 631 439 706 observare,
462 650 518 692 nec
541 628 573 692 id
596 629 698 706 modo,
722 629 776 692 sed
799 627 979 714 gloriantur
1002 629 1115 706 etiam,
1139 627 1200 692 hoc
1222 627 1331 707 licere,
1353 648 1399 691 uc·
1445 645 1446 716 ζ

264 756 324 817 que
346 755 437 818 posse
459 734 544 818 ipsos
566 733 640 798 ullis
664 734 818 818 majorum
842 756 969 799 suorum
993 735 1117 820 legibus
1140 734 1296 819 astringi,
1330 735 1399 817 quod

263 861 321 922 par
343 838 376 901 in
400 859 508 921 parem
532 837 651 901 nullam
674 837 790 902 habeat
813 841 1017 921 potestatem
1041 837 1156 902 idcirco
1178 837 1314 902 liberum
1335 839 1400 922 ipsis

264 947 296 1007 et
318 943 480 1028 integrum
503 965 587 1021 esse,
622 947 742 1009 veteres
765 944 935 1028 abrogare,
970 948 1066 1027 atque
1088 943 1212 1008 sancire
1235 965 1348 1023 novas,
1376 945 1402 1008 id

265 1049 348 1131 quod
372 1049 541 1132 diligenter
565 1053 596 1112 et
619 1049 757 1112 studiose
778 1047 922 1112 fecerunt
951 1049 1056 1112 etiam.
1104 1049 1298 1130 Quocunque
1328 1051 1400 1113 enim

264 1155 349 1238 ipsos
372 1153 479 1238 rapuit
502 1154 645 1232 avaritia,
668 1153 770 1218 fastus
794 1157 825 1218 et
848 1153 998 1231 ambitio,
1031 1174 1096 1217 non
1120 1157 1195 1217 sunt
1219 1154 1329 1233 veriti,
1359 1155 1402 1219 de-

265 1262 386 1324 cretum
409 1259 553 1342 aliquod,
588 1259 728 1342 ipsorum
751 1259 1022 1324 accommodatum
1044 1258 1229 1336 affectibus,
1264 1259 1350 1323 edere
1377 1264 1403 1324 et

266 1365 406 1429 sancire„
443 1366 519 1442 Quce
542 1386 618 1429 seue
641 1387 690 1429 res
713 1385 770 1430 nec
793 1364 915 1428 laudari
937 1367 1042 1448 potest
1064 1385 1122 1428 neo
1144 1363 1284 1428 tolerari.
1305 1361 1310 1450 Ι

351 1469 435 1534 Nam
460 1469 541 1554 quod
565 1468 736 1548 affirmant,
761 1491 817 1553 pro
839 1469 962 1533 ratione
983 1473 1162 1552 temporum
1187 1468 1304 1532 mutari
1324 1489 1404 1552 posse

266 1575 372 1660 leges,
405 1575 537 1640 minime
556 1575 647 1658 juvat
669 1596 795 1639 causam
816 1574 966 1658 ipsorum.
1013 1573 1083 1638 Hoc
1105 1573 1191 1637 eninr
1214 1573 1254 1636 ad
1288 1573 1404 1656 politico
1445 1585 1446 1592 ’

268 1681 369 1753 solum
392 1679 503 1745 referri
526 1679 627 1758 debet,
653 1701 718 1744 non
742 1680 837 1744 etiam
860 1681 899 1744 ad
922 1679 1099 1744 doctrinam
1121 1677 1298 1763 religionis.

266 1784 339 1849 Jam
361 1806 452 1861 vere,
483 1804 552 1866 quae
575 1783 641 1848 sint
663 1783 767 1848 officia
789 1783 988 1848 sacerdotum
1013 1786 1043 1848 el
1067 1782 1304 1867 episcoporum,
1336 1802 1404 1864 quo-

266 1889 359 1955 modo
374 1887 539 1963 familiam,
555 1909 685 1955 uxorem
701 1891 732 1952 et
750 1888 865 1953 liberos
881 1889 1057 1972 gubernare
1074 1887 1218 1965 debeant,
1244 1909 1335 1970 quam
1349 1908 1404 1950 uon

266 1997 412 2077 oporteat
433 2015 485 2058 eos
509 1993 583 2056 ullis
605 1985 698 2057 rebus
722 1997 811 2057 extra
833 2016 947 2057 munus
970 1992 1215 2058 ecclesiasticum
1235 1992 1403 2068 immisceri,

270 2120 364 2180 quom
388 2098 494 2162 deceat
517 2118 568 2161 eos
593 2117 659 2160 esse
681 2102 818 2161 remotos
842 2097 881 2160 cb
904 2097 1056 2169 omnivel
1072 2097 1249 2180 suspicione
1265 2096 1402 2173 avaritie,

265 2202 408 2266 libidinis
431 2205 463 2266 et
485 2201 602 2265 sordidi
635 2206 794 2285 quaestus,
829 2201 896 2266 haec
928 2203 1057 2285 inquam
1090 2203 1197 2267 omnia
1228 2207 1305 2268 sunt
1334 2203 1404 2266 clare

268 2307 364 2371 sacris
386 2307 502 2372 litteris
524 2327 679 2389 expresse.
727 2306 818 2383 Quod
850 2291 955 2370 autem
989 2307 1070 2371 nihil
1099 2307 1213 2374 horum
1234 2309 1274 2373 ab
1298 2306 1404 2389 aliquot

837 2426 853 2463 *

267 2517 405 2582 handlen
428 2517 511 2587 auch
530 2516 667 2582 th‘dtlich
689 2517 754 2581 und
778 2516 1023 2601 unverschimpt
1046 2517 1192 2582 duwider.
1236 2515 1278 2582 Ja
1300 2517 1343 2581 sic
1362 2536 1404 2578 sc·

266 2643 329 2707 gen
352 2622 423 2699 wol,
447 2622 491 2686 sie
514 2627 628 2706 miigen
652 2644 683 2686 es
707 2621 799 2698 thdn,
826 2621 891 2685 und
915 2621 1000 2686 scien
1022 2643 1081 2705 gar
1104 2622 1153 2686 nit
1176 2621 1322 2706 schuldig
1341 2621 1404 2685 oder

267 2727 449 2809 vcrpflicht,
474 2727 536 2792 irer
559 2727 704 2792 verfaren
728 2727 783 2790 der
805 2725 907 2810 Biipst
928 2725 1083 2790 Decreten
1106 2730 1145 2792 111
1167 2726 1296 2806 hulten,
1326 2722 1405 2790 dweil

267 2832 318 2895 ein
334 2831 434 2915 Bapst
453 2833 522 2896 dem
546 2833 683 2898 anderen
706 2833 756 2896 nit
777 2832 835 2896 hot
856 2835 894 2896 ud
917 2831 1073 2915 gebieten,
1098 2831 1213 2896 sonder
1236 2831 1281 2896 sie
1304 2837 1404 2915 mdgen

267 2937 317 3001 die
339 2936 403 3002 alte
419 2937 571 3003 Decreten
596 2938 728 3015 abthdn,
753 2937 818 3001 und
842 2959 928 3002 newe
951 2936 1152 3001 auffriohtcn.
1183 2935 1258 3001 Wie
1273 2936 1319 3000 sic
1333 2937 1404 3000 dcun

267 3043 347 3107 auch
369 3042 562 3108 meistcrlich
585 3042 705 3128 gethon
728 3041 842 3106 hahen.
876 3041 950 3105 Urul
967 3040 1071 3105 uohin
1089 3042 1134 3105 sie
1153 3063 1215 3106 nur
1237 3041 1301 3106 ircr
1325 3040 1402 3127 geitz,

267 3145 386 3211 hoffart
408 3148 474 3212 und
498 3147 777 3232 bruchtgetriben
802 3147 874 3226 hot,
911 3147 1011 3212 dauon
1043 3147 1147 3212 haben
1171 3147 1216 3211 sic
1240 3169 1302 3212 von
1324 3143 1404 3210 slund

267 3274 308 3316 an
332 3253 384 3316 ein
400 3252 514 3325 Decrct
541 3253 696 3338 gemacht,
721 3252 785 3316 und
810 3253 961 3338 volgends
982 3253 1143 3336 gebottcn,
1169 3252 1293 3317 dasselb
1314 3252 1403 3316 ernst-

267 3356 333 3420 lich
357 3360 395 3422 111
417 3356 536 3423 hulten.
570 3357 701 3446 Welchs
723 3357 803 3421 doch
825 3357 898 3421 eitel
922 3357 1046 3421 mdtwil
1069 3357 1122 3434 ist,
1146 3356 1211 3420 und
1234 3357 1320 3421 hilfft
1341 3356 1403 3419 ineu

267 3482 325 3545 gur
347 3462 415 3542 uit,
437 3462 491 3526 das
515 3461 560 3524 sie
582 3483 696 3546 segon,
721 3483 752 3525 cs
775 3465 891 3546 mitgen
914 3461 963 3525 die
986 3463 1090 3546 gesetz
1113 3461 1195 3526 nach
1219 3457 1403 3547 gelegenhcit

267 3567 322 3630 der
344 3567 406 3631 ueit
428 3567 581 3651 geiindcrt‘
602 3567 736 3630 werden.
775 3565 868 3642 Deun
892 3567 939 3630 dis
963 3565 1035 3630 wirt
1057 3565 1153 3630 allein
1177 3588 1239 3648 von
1264 3568 1322 3632 den
1342 3563 1402 3627 ord·

267 3693 408 3758 nungen,
432 3693 465 3735 so
480 3671 521 3735 in
544 3671 706 3755 policeien,
730 3671 804 3736 oder
828 3671 1017 3736 eusserliche
1040 3671 1155 3736 sochen
1172 3671 1321 3756 geh'oren,
1342 3689 1400 3732 ver·

268 3778 411 3856 standon,
435 3778 500 3842 und
523 3777 647 3842 wciters
669 3779 728 3843 nit.

356 3881 426 3961 Nu,
449 3883 508 3945 wie
531 3882 599 3947 sich
621 3883 672 3946 ein
696 3881 841 3946 Bischoff
860 3883 935 3946 oder
957 3881 1115 3960 Priester,
1146 3881 1181 3945 in
1205 3881 1321 3947 seincm
1341 3898 1402 3963 prc-

268 3987 323 4073 dig
345 3988 410 4052 und
434 3987 565 4052 hirchen
590 3991 694 4073 ampt,
719 3988 860 4052 deneben
884 3988 918 4050 iu
941 3987 1059 4052 seiuem
1083 3987 1178 4066 haus,
1202 4009 1304 4072 gegen
1325 3984 1401 4058 weib,

267 4092 390 4172 kinder,
414 4094 479 4157 und
501 4092 661 4157 icdermon
683 4093 810 4171 holten,
833 4093 933 4170 Item,
965 4094 1024 4157 wie
1046 4114 1080 4157 cr
1103 4092 1169 4157 sich
1194 4094 1246 4158 des
1269 4090 1401 4156 kirchen-

268 4197 389 4262 diensts
423 4198 537 4275 alleiu,
572 4199 637 4262 und
671 4197 731 4260 mit
762 4197 942 4262 weltlichen
973 4197 1087 4262 sochen
1122 4219 1180 4282 gar
1205 4198 1254 4261 nit
1277 4195 1400 4268 beladen,

268 4301 495 4387 Dergleichen,
527 4303 584 4366 wie
606 4325 640 4366 11
663 4324 721 4386 gar
744 4303 817 4366 heiu
844 4303 1004 4366 wucherer
1029 4303 1111 4366 noch
1133 4301 1325 4368 Simoniacus
1346 4298 1401 4363 sein

270 4406 338 4486 sol,
374 4407 416 4471 ist
445 4405 573 4471 clarlich
603 4407 637 4470 in
671 4407 725 4470 der
747 4405 878 4472 Schrifft
906 4407 1145 4492 ausgedrucket.
1191 4406 1255 4472 Das
1276 4404 1319 4469 sie
1339 4403 1401 4468 aber
