2902 4996
807 315 869 380 182

259 489 319 556 nu
340 489 496 567 reserere,
520 489 661 554 erroneo
682 487 808 554 enisam
823 487 1014 572 subjugandi
1030 487 1171 564 ossam,
1195 509 1296 572 neque.
1310 484 1390 552 vere

259 599 336 660 sunt
357 595 486 660 tandem
508 595 668 678 postulare
686 593 908 677 jusjurandum
924 591 964 657 ab
980 615 1025 670 eo,
1051 592 1142 676 quule
1158 592 1261 658 solent
1276 592 1391 658 clientes

259 703 409 784 praestere
432 701 496 764 suis
518 699 669 782 petronis.
715 697 785 762 Hoc
807 698 880 762 inde
901 697 1078 781 profectum
1101 700 1158 775 est,
1183 696 1330 780 quonium
1350 695 1391 758 iu·

259 804 468 888 superatione
488 803 575 868 fecte
597 802 822 868 consecrabant
846 801 990 866 Caesares.

261 909 322 986 Qui
345 909 471 993 mugnis
494 908 609 974 unnnis
633 907 727 972 initio
749 906 940 972 resistebant
962 905 1036 970 huie
1058 905 1186 970 illorum
1216 905 1392 990 importuni·

259 1014 320 1080 teti
343 1017 376 1078 et
397 1015 541 1080 sudaeiee.
573 1011 657 1078 Num
678 1016 710 1076 et
726 1011 820 1076 hodie
834 1033 926 1076 nemo
942 1014 998 1091 est,
1022 1011 1077 1093 qui
1093 1031 1157 1076 non
1173 1011 1391 1093 obstupesceret

260 1119 388 1186 adrem
418 1121 494 1184 adeo
524 1139 659 1195 novem,
692 1118 763 1202 cogi
795 1116 915 1182 scilieet
948 1116 1042 1180 fidem
1073 1120 1105 1179 et
1139 1115 1323 1198 obsequium
1353 1113 1393 1176 illi

259 1227 419 1307 praestare,
443 1223 498 1306 qui
521 1227 594 1287 tuus
611 1222 704 1288 antee
721 1223 832 1288 fuisset
847 1221 956 1298 eliens,
980 1221 1069 1303 eujus
1085 1220 1284 1302 dependisset
1295 1217 1392 1294 omnis,

260 1351 324 1392 non
347 1330 393 1392 ita
415 1329 546 1412 pridem,
569 1351 588 1393 e
608 1332 664 1394 tue
686 1329 850 1392 voluntate
872 1330 905 1392 et
927 1347 1056 1390 assensu
1079 1325 1259 1390 auotoritas.

349 1433 432 1510 Quid
455 1433 539 1496 enim
563 1433 647 1496 istud
670 1435 718 1498 est
740 1433 786 1498 rei
807 1453 909 1508 novoe,
932 1432 977 1496 mi
1000 1431 1142 1496 Romane
1164 1430 1324 1514 pontifex,
1346 1432 1391 1494 unt

261 1539 336 1622 quid
369 1538 430 1602 sibi
462 1537 531 1602 vult
562 1538 614 1602 hie
647 1542 714 1602 tum
746 1537 909 1621 improbus
944 1540 1098 1602 onustus?
1153 1537 1272 1614 Quodsi
1304 1539 1393 1600 vestre
1442 1539 1443 1618 ξ

260 1665 355 1726 opera
377 1644 514 1706 eontulit
536 1643 665 1726 aliquid,
689 1646 727 1705 ut
745 1642 799 1724 jus
820 1641 1033 1706 constituendi
1050 1640 1181 1706 Cessatis
1203 1640 1243 1704 ad
1266 1643 1392 1704 nostram
1442 1687 1443 1722 ,

262 1751 388 1832 gentem
413 1749 610 1834 perveniret,
634 1751 717 1812 certe
740 1751 773 1812 et
796 1748 896 1812 nostri
919 1746 1056 1812 vicissim
1080 1746 1214 1828 majores
1235 1745 1287 1810 his
1308 1744 1392 1808 tentis
1442 1791 1443 1829 ,

263 1853 512 1936 possessionibus
524 1875 579 1918 vos
595 1853 839 1937 locupletarunt,
862 1853 959 1918 immo
975 1873 1033 1916 nos
1048 1855 1143 1934 etque
1159 1852 1292 1934 majores
1307 1848 1393 1914 nostri
1442 1915 1443 1932 ἢ

261 1958 400 2026 maxime
420 1977 504 2041 ¹scope
534 1958 674 2040 pericula
704 1958 916 2041 suscepimus,
952 1960 987 2022 ut
1016 1961 1121 2021 vestre
1152 1956 1241 2020 robis
1269 1955 1392 2040 dignitas
1442 2015 1443 2039 3

261 2065 429 2128 constaret.
464 2061 498 2126 Si
520 2065 586 2126 tam
610 2063 719 2128 essetis
742 2067 861 2139 tenues,
885 2084 980 2145 quum
1003 2061 1174 2145 aliquando
1195 2059 1312 2136 fuistis,
1333 2059 1392 2122 nul·
1442 2107 1443 2134 3

154 2208 156 2216 ·
259 2166 325 2230 lum
349 2170 430 2230 esset
452 2167 537 2232 inter
560 2190 617 2232 nos
649 2172 755 2232 ortum
785 2168 869 2232 hond
901 2167 995 2231 dubie
1028 2167 1201 2232 dissidium.
1247 2165 1300 2229 An
1321 2185 1391 2239 vero,
1442 2227 1443 2250 ἒ

828 2289 845 2326 ’l‘

260 2373 319 2438 Flid
344 2376 571 2458 (juramentum
594 2378 842 2465 fideli[3l]tutis',
864 2379 939 2442 oder
959 2375 1130 2456 Leheneid)
1154 2377 1204 2439 die
1220 2375 1328 2440 Keiser
1347 2373 1392 2436 de-

260 2482 320 2544 rnit
342 2485 380 2550 ud
401 2481 627 2566 verpfliohten,
663 2482 796 2548 welches
819 2482 927 2548 seinen
950 2502 1113 2564 ursprung
1135 2479 1232 2544 daher
1253 2498 1394 2564 genomen
1441 2543 1443 2552 ,

259 2585 325 2662 hut,
349 2586 403 2650 dns
426 2586 472 2650 sie
495 2587 576 2654 noch
598 2587 669 2665 dem
692 2586 804 2652 (lecolo
825 2585 953 2672 Magne,
978 2575 1153 2650 die'Keiser
1176 2585 1317 2650 salbeten
1337 2580 1391 2646 und
1442 2637 1443 2674 3

260 2692 480 2757 conseerirten.

346 2795 414 2860 Den
431 2795 493 2861 Eid
507 2797 609 2888 beben
625 2797 676 2862 die
690 2797 802 2862 Keiser
825 2817 882 2880 ger
905 2796 1147 2880 obgesehlagen,
1169 2795 1263 2860 Denn
1286 2815 1319 2858 es
1339 2813 1392 2856 wer

256 2899 291 2982 ja
313 2900 425 2966 selsam
448 2905 487 2965 nt
510 2901 617 2978 honen,
647 2923 721 2966 man
745 2903 848 2965 wiirds
871 2902 951 2965 auch
975 2901 1101 2984 heutigs
1124 2904 1195 2984 tags
1219 2899 1269 2963 nit
1293 2898 1390 2962 wdllen
1442 2985 1443 2989 3

260 3005 418 3082 rerstehn,
441 3001 592 3082 ntmlieb,
616 3006 671 3072 des
687 3006 737 3070 icb
753 3007 824 3070 dein
836 3005 964 3088 jhencn,
982 3006 1036 3068 der
1052 3005 1166 3070 vorhin
1181 3004 1247 3069 und
1261 3002 1392 3076 neulieb,
1442 3071 1443 3082 ,

259 3104 361 3172 seinos
383 3108 499 3192 Ampts
521 3110 726 3194 bestetignng
749 3133 811 3174 von
833 3110 895 3172 mir
926 3109 1096 3192 empfnhen
1126 3113 1232 3184 mrtst,
1269 3109 1329 3172 istu
1356 3107 1393 3170 uls
1442 3163 1443 3198 3

261 3213 396 3276 meinem
417 3213 627 3278 lebenberren
650 3214 822 3290 sobweren,
845 3214 910 3278 und
933 3235 974 3277 on
995 3214 1057 3278 alle
1072 3213 1270 3298 vorgehende
1286 3210 1392 3284 ursocb,
1442 3289 1443 3292 3

261 3315 319 3378 den
345 3317 392 3380 eid
417 3317 497 3381 thrln
521 3320 591 3381 solt.
1442 3299 1443 3302 Ἴ

260 3418 352 3484 Denn
374 3421 515 3486 warumb
538 3422 623 3484 mein
644 3421 742 3484 lieber
765 3421 838 3485 herr
861 3421 971 3504 Bepst,
996 3422 1072 3488 wele
1094 3422 1122 3484 ir
1144 3422 1210 3486 dise
1234 3439 1391 3502 newernng
1442 3403 1443 3408 ἵ

259 3520 425 3591 einfdren?
470 3513 559 3592 Habt
581 3525 609 3588 ir
632 3525 709 3590 dent
740 3525 917 3608 geholffen,
954 3527 1009 3590 das
1039 3527 1088 3589 die
1112 3526 1195 3590 wahl
1219 3526 1284 3590 und
1309 3526 1393 3590 Obnr·

259 3631 499 3715 gereehtigkeit,
523 3654 564 3695 nn
587 3651 699 3695 unsere
722 3631 840 3696 Notion
864 3632 979 3696 konnen
1002 3634 1054 3709 ist,
1078 3653 1112 3696 so
1135 3632 1239 3696 baben
1262 3628 1392 3696 wirunt
1442 3684 1443 3719 3

258 3756 371 3800 unsere
394 3735 550 3800 voreltern
575 3735 654 3800 euch
673 3736 845 3800 widerumb
869 3737 1036 3820 geholffen,
1062 3738 1117 3800 dns
1140 3737 1168 3800 ir
1192 3736 1299 3801 solehe
1314 3734 1392 3798 weid-

258 3839 341 3904 liehe
364 3835 458 3924 giter
481 3841 631 3918 besitzet,
667 3841 722 3904 des
754 3841 782 3904 ir
810 3841 887 3904 lend
916 3842 980 3904 und
1004 3842 1071 3904 leut
1093 3845 1131 3905 zrl
1153 3841 1297 3925 regimen
1319 3838 1391 3910 bnbt,
1442 3890 1443 3916 ἶ

259 3942 315 4021 Js,
346 3945 404 4008 wir
427 3945 492 4009 und
514 3967 627 4008 unsere
650 3945 813 4020 vorteren,
848 3945 950 4010 huben
974 3944 1052 4010 euch
1076 3945 1108 4009 in
1133 3967 1254 4010 eweren
1277 3961 1391 4030 grossos

259 4053 355 4112 niiton
379 4053 530 4132 errettet,
556 4049 659 4114 huben
683 4049 850 4134 genieeht,
884 4050 938 4114 dns
961 4051 989 4112 ir
1012 4052 1064 4114 des
1087 4050 1179 4114 lende
1202 4073 1263 4115 von
1286 4066 1389 4114 eweren

257 4153 385 4218 feinden
408 4154 458 4216 nit
479 4154 602 4237 verjegt
623 4154 703 4216 sind.
735 4153 842 4220 Wenu
865 4155 894 4218 ir
909 4155 991 4219 noeb
1006 4176 1093 4219 arms
1109 4153 1256 4220 Bischbfe
1272 4148 1387 4222 nerent,
1442 4235 1443 4238 3

257 4257 317 4323 wie
340 4257 476 4334 vorhin,
507 4279 542 4322 so
572 4258 716 4322 wbrdeut
745 4259 773 4320 ir
804 4280 864 4322 uns
897 4258 1024 4324 freiliob
1045 4281 1268 4324 unverworren
1291 4260 1388 4322 lessen.
1442 4335 1443 4340 3

259 4354 386 4432 Mirssen
408 4361 466 4426 wir
489 4361 573 4432 dunn
597 4361 650 4429 des
672 4362 855 4454 entgelten,
887 4363 941 4429 das
963 4383 1077 4430 unsere
1099 4363 1250 4446 rorfnreu,
1269 4361 1339 4430 eueh
1356 4359 1390 4424 nl
1442 4405 1443 4449 3
