2902 4996
612 347 673 411 123
701 302 707 312 ’

80 521 103 583 et
121 523 281 604 conspectu
308 524 417 586 nostro
440 524 615 598 versantur,
639 521 888 604 obstupescimus
911 520 949 584 ad
971 521 1098 586 illorum
1122 533 1211 585 mon·

79 625 188 702 tionem,
212 647 248 690 ac
272 626 415 690 divinum
437 627 556 711 aliquid
581 648 647 692 esse
669 632 826 710 putamus.
865 627 998 691 Interim
1020 627 1140 692 habeut
1162 625 1212 691 illi

77 751 143 807 suos,
167 731 200 793 in
225 730 396 796 Germania
419 732 604 816 praesertim,
630 731 822 808 defensores,
852 753 890 796 ex
914 733 1013 816 iisque
1035 732 1212 814 redemptos

77 834 191 917 aliquot,
216 836 270 919 qui
295 837 453 919 quoniam,
477 837 509 902 in
527 838 587 902 hoc
602 839 694 902 tento
710 837 875 922 splendore
891 838 977 916 solis,
1002 837 1083 902 nihil
1106 838 1210 902 videro

77 941 193 1017 volunt,
228 945 261 1005 et
295 942 481 1025 pontificum
514 947 703 1025 potestatem
737 943 1035 1010 immoderatissime
1068 943 1210 1021 laudaut,

76 1049 286 1113 conscientiam
308 1048 391 1112 haud
414 1047 507 1114 dubie
530 1071 618 1114 suam
642 1050 704 1134 ipsi
727 1051 904 1116 vulnerant.
950 1047 1017 1116 Nec
1049 1049 1133 1114 enim
1164 1051 1212 1113 est

75 1157 119 1214 aut
149 1153 345 1238 ignorationi
377 1153 524 1237 deinceps
558 1160 614 1219 aut
648 1155 841 1220 excusationi
876 1155 973 1220 locus.
1028 1154 1055 1219 Ο
1087 1154 1211 1218 utinam

75 1259 177 1322 sentiat
193 1259 373 1337 Germania,
398 1265 551 1343 quautam
567 1261 724 1345 acceperit
746 1263 875 1346 plagam
899 1261 938 1325 ab
962 1260 1024 1324 isto
1046 1258 1211 1323 hominum

74 1363 184 1440 ordine,
217 1366 301 1448 quod
324 1387 361 1430 eo
385 1365 444 1449 [K]
468 1367 680 1431 miserabilius
703 1361 752 1432 cst
774 1391 810 1432 ac
833 1367 936 1452 magis
965 1366 1118 1450 impium,
1149 1376 1218 1449 quo'

74 1469 242 1534 sceleratius
266 1475 322 1548 est,
347 1472 432 1555 patri
455 1476 511 1537 aut
533 1471 626 1537 fratri
650 1473 715 1537 vim
738 1478 770 1538 et
794 1495 907 1538 manus
930 1471 1065 1549 inferre,
1098 1474 1136 1534 ut
1156 1491 1211 1534 ex-

13 1655 14 1660 *
74 1575 187 1637 ternum
210 1578 243 1638 et
266 1575 416 1654 alienum,
440 1576 562 1641 hostem
586 1579 707 1662 patriae,
732 1579 897 1644 defendas!
986 1589 988 1594 '

12 1697 14 1782 p
146 1679 197 1744 Ad
219 1681 306 1745 hunc
327 1703 402 1766 ergo
426 1683 553 1748 modum
577 1684 651 1767 quia
674 1705 707 1748 se
729 1706 780 1748 res
811 1681 949 1762 habeut,
985 1681 1148 1765 Principes
1179 1683 1213 1746 et

12 1791 14 1860 j
74 1782 196 1850 Ordines
220 1786 405 1862 clarissimi,
437 1789 586 1870 quoniam
610 1787 767 1853 insiticius
798 1788 849 1853 hio
872 1793 1045 1873 tyrannus,
1080 1786 1133 1851 ille
1153 1789 1211 1864 est,

12 1881 14 1974 j
72 1889 117 1970 qui
139 1891 227 1954 sedet
250 1891 282 1954 iu
307 1893 426 1975 templo
449 1890 530 1967 Dei;
566 1893 617 1976 qui
643 1913 675 1956 se
697 1913 808 1975 passus
840 1896 902 1969 est,
938 1891 1035 1957 immo
1057 1891 1159 1956 voluit
1180 1893 1212 1955 et

12 1975 14 2068 l
71 1995 165 2076 jussit,
190 2001 227 2060 ut
249 2019 368 2062 numen
391 1998 518 2082 aliquod
533 1998 593 2062 ooli
609 2002 641 2062 et
656 1997 833 2075 observari;
858 1997 912 2082 qui
928 2018 1044 2060 novum
1061 1995 1213 2060 doctrinas

72 2120 177 2181 genus,
200 2102 427 2185 prophetarum
451 2108 483 2168 et
504 2104 720 2187 apostolorum
744 2104 896 2168 doctrinae
915 2101 1128 2180 contrarium,
1157 2121 1211 2164 ex·

71 2206 229 2289 cogitavit,
265 2209 300 2272 in
329 2229 428 2292 ecque
450 2209 654 2274 ioedissimam
680 2208 820 2273 exercuit
842 2207 1122 2282 nundinationem
1157 2201 1212 2289 qui

70 2313 251 2388 potestatem
274 2312 334 2377 sibi
358 2315 474 2392 sumit,
509 2335 572 2378 non
603 2315 706 2379 nolum
729 2314 872 2379 homines
891 2312 1070 2396 judicandi,
1102 2331 1212 2374 verum

71 2411 145 2494 ipsas
169 2439 293 2501 quoque
315 2419 488 2502 scripturas
518 2421 769 2504 interpretandi,
804 2417 1011 2501 detorquendi
1034 2420 1065 2481 ot
1087 2435 1210 2480 accom-

72 2520 212 2585 modandi
235 2545 423 2609 quocunque
446 2526 523 2590 velit
546 2526 654 2602 mod03
688 2526 743 2608 qui
765 2523 1004 2589 matrimonium
1028 2521 1212 2586 institutum

628 2701 646 2739 ’l‘

12 2831 14 2902 ζ
72 2834 130 2900 dise
151 2860 314 2923 meynung
337 2838 440 2903 haben
464 2840 536 2918 solt,
559 2841 618 2905 wie
633 2841 679 2905 sie
702 2840 835 2905 thiirren
860 2861 921 2904 von
945 2839 1012 2904 sich
1036 2837 1210 2917 schreiben,

12 2973 13 3028 j
73 2943 166 3006 wdrds
190 2964 231 3006 ou
256 2943 317 3007 alle
339 2944 444 3008 mittel
468 2947 538 3009 mim
569 2947 691 3030 angriff
717 2945 876 3010 kommen.
923 2943 1014 3008 Wolt
1037 2943 1120 3020 Get,
1156 2943 1211 3008 das

70 3046 228 3126 ycderman
253 3047 349 3112 sehon
371 3049 477 3113 mlicht
500 3050 549 3114 die
572 3072 680 3141 grosse
703 3050 821 3115 sohand
844 3050 907 3112 und
940 3049 1066 3133 injury,
1101 3070 1135 3112 so
1165 3048 1210 3112 sie

12 3195 14 3232 ÷
71 3150 118 3214 der
138 3158 272 3237 gantaen
296 3155 378 3232 welt,
403 3156 467 3219 und
483 3157 579 3220 vorab
596 3143 767 3220 Teutscher
783 3154 902 3219 Notion
926 3154 1038 3219 hiemit
1061 3152 1210 3218 anthdnl’

12 3247 13 3250 ¹
71 3255 124 3320 Die
144 3259 279 3322 noturfft
300 3261 364 3322 und
389 3259 543 3344 gemeyne
565 3261 646 3342 fabr,
671 3261 787 3325 darinn
811 3259 870 3322 wir
885 3259 1021 3337 stehent,
1046 3258 1210 3337 erfordert,

72 3360 120 3424 das
139 3386 212 3428 man
235 3364 363 3428 solchen
386 3364 557 3448 prodigern
580 3367 643 3430 und
661 3365 840 3430 schreibern
858 3364 907 3429 ein
925 3365 997 3428 mall
1013 3366 1105 3441 setae,
1128 3363 1211 3428 deun

70 3487 113 3529 wc
132 3469 174 3532 sie
195 3468 377 3552 vilgcmclte
401 3468 590 3534 conclusion
614 3470 732 3534 wolten
757 3469 937 3534 verlechlen
961 3469 1026 3532 und
1049 3468 1211 3547 billichen,

71 3591 159 3654 weyss
181 3573 231 3636 nit
253 3573 312 3637 wie
343 3574 388 3636 sie
418 3573 486 3638 sich
518 3573 571 3638 des
602 3575 653 3639 bei
679 3574 837 3639 frommen
861 3574 1082 3639 ehrliebenden
1105 3574 1210 3638 leuten

71 3677 199 3758 mdgen¹
222 3660 480 3762 entsclruldigeu,
499 3679 574 3743 oder
599 3679 679 3744 auch
701 3679 761 3743 mit
783 3679 879 3743 ehren
902 3678 1080 3746 besteheu,
1212 3694 1216 3701 ·

150 3781 323 3866 Gnedigstc
338 3783 402 3846 und
421 3782 563 3868 Gnedige
579 3783 712 3861 Herren,
737 3783 779 3848 llls
800 3783 966 3848 verseheut
989 3783 1055 3846 sich
1079 3782 1121 3846 vil
1145 3782 1211 3845 fro·

72 3903 130 3948 mer
150 3888 232 3963 leut,
248 3888 315 3950 und
337 3887 498 3952 verhoffen
523 3889 814 3974 underthiiniglich,
839 3889 874 3952 Ε.
891 3889 976 3953 Chur
992 3889 1055 3952 und
1073 3885 1106 3951 F.
1125 3886 1211 3951 Gua-

73 3981 125 4052 den
145 3993 269 4056 werden
300 3979 366 4057 sich
396 3993 430 4056 in
454 3995 711 4079 gegenwertigen
734 3994 916 4058 irthumben
938 3995 1003 4057 und
1026 3993 1095 4076 [78]
1119 3992 1210 4056 awei-

73 4095 154 4174 spalt,
175 4098 209 4160 in
232 4119 405 4183 ermegung
427 4099 560 4162 crzalter
584 4100 648 4162 und
678 4099 797 4163 anderu
827 4099 919 4162 mehr
944 4097 1083 4181 dingen,
1117 4097 1211 4160 deren

72 4196 104 4264 Ε.
125 4199 205 4266 Ohur
225 4203 291 4266 und
316 4203 341 4266 F
343 4253 349 4266 .
376 4202 506 4267 Gnadeu
531 4205 607 4285 auli,
625 4205 739 4268 hohern
762 4204 924 4268 verstandt
946 4201 1013 4266 sich
1036 4201 1149 4267 wisseu
1174 4205 1212 4269 zu

632 4343 647 4376 *

137 4427 258 4485 llouten
276 4429 369 4486 solten
387 4433 495 4500 mugen.
