2902 4996
596 329 657 391 13⁷

68 503 207 582 videmus,
235 524 371 568 cursum.
418 500 460 567 Et
484 500 634 586 quoniam
664 501 756 564 erant
785 498 932 564 destituti
963 521 1037 565 vera
1058 499 1119 566 Dei
1141 521 1200 566 no·

67 609 135 686 titia,
156 608 256 672 fatum
279 607 491 693 appellarunt,
517 629 585 672 rem
608 606 729 672 soilioet
747 605 814 689 jem
837 603 910 670 inde
925 626 945 669 a
959 605 1072 689 primis
1087 605 1200 672 mundi

66 713 248 779 incunabulis
274 713 319 777 ita
342 713 569 791 constitutam,
603 734 669 776 rem
702 711 798 776 fixam
822 713 855 774 et
876 709 1091 788 immobilem,
1129 732 1200 794 quse

16 887 17 908 ξ
66 820 177 884 omnino
200 819 297 883 vitari
319 839 384 883 non
407 819 516 903 possit.
563 817 631 882 Nos
661 838 755 895 vero,
790 815 922 899 quibus,
956 814 1108 880 beneficio
1129 814 1197 894 Dei,

16 1085 17 1104 ξ
65 1028 165 1114 ginem,
188 1031 320 1106 statum,
344 1049 530 1113 progressus
554 1032 586 1093 et
609 1027 856 1094 moderationem
881 1026 921 1090 ab
943 1047 1007 1091 uno
1028 1024 1095 1092 Deo
1118 1048 1198 1111 pen-

16 1123 17 1128 *
65 1134 131 1198 dere.
174 1131 347 1199 Conditum
370 1133 456 1198 enim
478 1139 526 1198 est
549 1134 589 1199 ab
612 1156 658 1212 eo,
682 1133 831 1218 quicquid
857 1132 981 1216 uspiam
1003 1131 1102 1197 oeulis
1122 1142 1206 1198 eon·'
1240 1119 1243 1126 ¹

63 1239 136 1321 spioi,
157 1231 310 1323 quieduid
334 1239 464 1304 omnino
487 1261 579 1304 sensu
604 1237 826 1324 comprehendi
849 1239 971 1323 potest,
1000 1238 1040 1303 ab
1064 1258 1100 1302 eo
1122 1259 1198 1302 eon·

16 1355 18 1390 ὲ
63 1345 159 1409 stituta
189 1348 266 1408 sunt
296 1366 396 1430 regna
427 1348 459 1408 et
488 1343 641 1428 imperia,
675 1343 760 1408 solus
790 1343 858 1426 ipse
887 1344 1052 1407 conservat
1080 1341 1198 1421 eedem,

16 1455 17 1470 ¹
63 1449 133 1514 solus
153 1449 329 1534 amplificat
351 1452 398 1527 et,
423 1471 494 1514 eum
516 1451 604 1528 vult,
635 1448 822 1527 labefactat,
854 1447 922 1532 ipse
945 1452 992 1512 est
1015 1449 1070 1531 qui
1092 1450 1198 1514 traus-

62 1553 111 1618 fert
131 1554 196 1633 illa,
220 1577 310 1619 nuno
331 1553 369 1619 ed
393 1553 484 1633 hano,
507 1577 594 1620 nune
617 1555 651 1619 in
674 1554 764 1619 illam
787 1559 932 1640 gentem,
962 1555 1000 1617 ut
1021 1558 1107 1619 oerto
1130 1556 1197 1619 sta·

62 1662 180 1738 tuamus,
205 1659 312 1743 ipsum
336 1681 402 1725 esse
423 1660 515 1724 illum
538 1659 660 1740 Jovem,
684 1659 772 1744 eujus
794 1660 901 1725 omnia
922 1659 1017 1742 plena
1039 1663 1123 1724 sunt.

16 1823 17 1854 ἦ
61 1759 119 1826 Jam
137 1786 219 1843 vero,
244 1764 329 1829 inter
344 1765 407 1830 alia
423 1766 533 1844 multa,
558 1787 628 1851 quae
644 1789 699 1851 per
715 1766 823 1831 orbem
838 1769 996 1830 terrarum
1012 1765 1195 1844 extiterunt,

16 1857 17 1864 ³
61 1868 187 1952 inperia,
213 1874 366 1954 quattuor
390 1872 519 1936 fuerunt
542 1872 664 1938 eximie
679 1893 744 1956 prae
760 1872 880 1937 oaeteris
900 1873 933 1936 et
947 1874 1100 1955 tanquam
1116 1892 1198 1956 prae-

61 1973 144 2058 oipuae
168 1976 372 2041 monarchiae.
420 1977 561 2054 Quarum
584 1981 617 2042 et
639 1977 861 2061 potentissima
893 1974 955 2040 fuit
984 1979 1079 2060 atque
1101 1976 1198 2041 etiam
1235 1965 1238 1970 ¹

16 2125 17 2128 ,
60 2085 213 2160 postrema,
239 2081 477 2161 Romanorum,
501 2086 537 2148 ut
560 2083 718 2166 scriptura
741 2081 851 2146 multis
874 2085 948 2146 ante
970 2080 1092 2146 saeeulis
1116 2101 1197 2164 prm-

60 2183 247 2268 signifioavit.
296 2185 386 2263 Quod
417 2187 543 2272 quidem
567 2188 734 2272 imperium
760 2187 888 2253 tandem
912 2185 1027 2251 oceidit
1048 2188 1081 2250 et
1105 2185 1197 2250 dissi·

16 2381 17 2384 ¹
60 2295 155 2370 patum
177 2298 248 2371 est,
284 2297 320 2358 ut
342 2297 375 2358 et
397 2293 453 2359 illa
476 2293 556 2374 tria,
588 2315 658 2379 quae
685 2294 794 2360 ordine
824 2294 1051 2378 praecesserunt
1081 2291 1196 2375 ipsum.

59 2390 128 2458 Nam
151 2400 183 2461 et
207 2397 250 2461 ad
273 2399 423 2464 orientem
450 2401 482 2463 et
504 2400 698 2464 occidentem
729 2399 828 2465 solem
855 2396 1010 2463 latissime
1039 2395 1196 2482 regnavit.

615 2521 632 2560 a

59 2605 146 2687 gehet.
192 2607 271 2673 Und
294 2607 385 2672 dweil
408 2631 440 2673 es
463 2610 538 2673 ineu
569 2633 609 2674 an
642 2609 814 2695 gdtlichem
845 2605 1011 2672 erkantnis
1043 2603 1197 2689 manglet,

59 2707 147 2775 haben
169 2705 225 2778 sie
243 2736 275 2778 es
298 2713 411 2779 Fatum
435 2715 617 2800 geheissen,
649 2715 700 2780 ein
726 2715 820 2800 ding,
844 2714 898 2778 das
921 2708 1107 2795 enfanglioh
1131 2708 1196 2773 niso

58 2818 192 2882 uersehen
218 2819 368 2896 ist,u11d
392 2820 562 2885 derhalben
586 2821 651 2886 also
675 2821 777 2906 gehen
801 2821 888 2896 mds,
918 2815 985 2881 und
1009 2815 1059 2880 nit
1080 2813 1194 2879 andere

59 2920 113 2984 sein
135 2945 219 3009 mag.
267 2923 340 2989 Wir
371 2924 461 3003 eber,
494 2926 553 2990 deu
577 2928 632 2991 das
655 2925 754 2990 lieoht
776 2925 831 2989 dor
853 2921 987 2988 warheit
1009 2919 1192 2988 ersoheinen

58 3022 100 3102 ist,
120 3027 233 3092 wissen
257 3029 322 3092 und
345 3030 482 3114 glauben
505 3029 687 3116 eigentlieh‚
712 3031 766 3094 das
788 3028 867 3094 aller
885 3027 964 3112 ding
985 3024 1114 3110 anfeng,
1139 3045 1193 3088 ur-

58 3150 180 3217 sprung,
214 3155 337 3212 wesen,
366 3136 556 3222 erheltung,
587 3137 741 3222 regirung
764 3135 828 3200 und
852 3153 1015 3219 ausgeug,
1048 3152 1108 3196 von
1133 3128 1197 3196 Gor

59 3233 260 3324 almechtigan
284 3236 464 3319 herkomet,
488 3241 552 3305 und
577 3241 653 3306 alles
677 3259 717 3305 an
741 3241 785 3304 im
809 3238 904 3304 allein
927 3238 1056 3322 hengst.
1103 3233 1196 3300 Denn

59 3359 108 3404 von
130 3343 173 3406 im
196 3345 314 3409 komen
338 3345 398 3409 alie
421 3346 626 3431 konigreieh,
650 3345 859 3422 Potentaten,
891 3343 957 3408 und
982 3341 1060 3407 aller
1081 3339 1198 3424 gewalt

59 3447 114 3508 suff
133 3449 239 3513 erden.
286 3448 395 3515 Duroh
418 3451 451 3514 in
474 3451 599 3515 werden
630 3452 676 3516 sie
706 3450 867 3524 erhaIten,
904 3447 967 3512 und
1000 3445 1121 3531 gehend
1154 3445 1197 3510 im

59 3549 216 3639 schwang,
252 3554 350 3619 duroh
373 3555 407 3618 in
430 3555 553 3620 werden
577 3556 622 3620 sie
645 3555 776 3621 erhdhet
798 3553 863 3618 und
889 3552 1063 3628 vernidert,
1085 3548 1197 3615 ‘durch

58 3652 87 3716 in
105 3659 228 3723 werden
253 3659 298 3723 sie
321 3681 380 3724 von
407 3661 493 3724 einer
515 3659 635 3725 Notion
660 3660 728 3725 auff
748 3659 797 3724 die
820 3660 916 3724 ander
938 3656 1117 3742 gowendet,
1142 3656 1197 3720 da-

16 3805 24 3824 .
59 3760 109 3824 mit
130 3784 161 3826 er
184 3765 318 3850 gewisse
341 3766 405 3830 und
428 3766 517 3830 klare
539 3767 717 3850 anzeigoug
740 3766 821 3850 gibt,
846 3767 900 3830 das
923 3785 957 3827 er
973 3783 1004 3826 es
1020 3763 1117 3846 ganta
1132 3759 1197 3825 und

60 3885 115 3946 gar,
138 3871 217 3933 auoh
243 3869 350 3948 allein,
373 3871 406 3935 in
431 3871 515 3936 alien
539 3871 656 3956 dingen
681 3872 732 3935 ist.

136 3971 210 4037 Nun
244 3975 315 4038 sind
349 3973 449 4038 neben
482 3975 620 4039 anderen
651 3974 842 4039 Potentaten
872 3975 939 4038 vier
971 3994 1095 4059 grosser
1126 3971 1216 4036 Mo·-

61 4072 247 4157 [4]naroheie
262 4079 336 4143 oder
358 4083 528 4165 regieruug
551 4101 703 4164 gewesen,
728 4080 828 4144 under
850 4078 989 4144 welchen
1013 4079 1062 4142 die
1084 4077 1195 4142 Romi-

60 4179 138 4257 sohe,
172 4183 254 4248 naeh
279 4184 477 4270 ausweisung
500 4186 557 4250 der
578 4184 727 4262 Sohrifft,
758 4184 808 4248 die
840 4182 1038 4268 geweltigste
1061 4183 1125 4246 und
1148 4182 1197 4246 die

59 4281 140 4349 letste
161 4289 226 4352 sein
252 4289 315 4366 soi,
340 4289 390 4352 die
412 4288 551 4354 endtlioh
577 4291 673 4369 aueh,
696 4290 755 4355 wie
779 4290 828 4353 die
851 4289 965 4352 andere
988 4288 1054 4352 drei
1077 4289 1195 4374 vorige,

61 4385 146 4454 daher
167 4393 314 4479 gefellen.
362 4393 469 4481 Gegen
493 4394 646 4483 auffgang
674 4395 739 4460 und
771 4393 949 4479 nidergeng
983 4391 1038 4457 der
1059 4391 1196 4470 Sonnen,
