2940 4992
838 368 900 434 180

289 535 389 607 tilices
419 539 546 607 inibunt
572 543 712 608 rationes
743 565 814 608 oum
847 540 959 608 Gallias
990 540 1138 626 regibus,
1174 561 1238 606 non
1270 539 1417 606 admodum

289 643 483 730 longinquis,
506 667 640 730 quorum
662 647 789 712 auxiliis
811 666 876 710 non
899 645 996 712 semel
1018 646 1161 710 restituti
1182 647 1310 712 fuerant
1323 650 1352 710 et
1365 667 1418 708 ser·

290 749 367 828 vati,
390 754 427 815 ut
450 751 489 814 ad
505 749 680 816 Caesareum
702 751 854 817 honorem
877 754 972 833 atque
994 755 1149 834 sceptrum
1174 750 1345 834 adjicerent
1363 751 1420 814 ani-

290 876 397 932 mum;
420 855 515 940 idque
536 854 681 921 fecerunt
702 878 767 921 non
791 856 853 921 alio
872 855 1014 942 oonsilio,
1037 876 1132 938 quam
1150 861 1186 920 ut
1200 877 1284 942 aegre
1298 855 1421 920 facerent

289 959 394 1043 prisco
410 959 554 1025 Romano
569 959 694 1039 Caesari,
717 962 806 1045 cujus
828 983 848 1026 a
869 959 1041 1044 majoribus
1064 964 1171 1024 tamen
1188 961 1295 1026 ornati
1310 961 1422 1024 fueraut

289 1068 321 1128 et
344 1065 377 1129 in
402 1064 482 1128 illud
511 1065 677 1151 fastigium
707 1066 825 1138 evecti,
857 1065 970 1130 deinde
1000 1069 1038 1128 ut
1066 1069 1253 1149 perpetuum
1284 1065 1420 1130 habereut

290 1169 484 1234 defensorem
507 1170 656 1234 adversus
685 1171 886 1255 ingruentem
918 1170 983 1234 vim
1014 1168 1164 1234 hostium.
1210 1169 1280 1234 Hac
1309 1169 1418 1234 taudem

288 1272 411 1338 ratione
425 1271 566 1351 Carolus,
590 1273 754 1340 Gallorum
777 1296 841 1352 rex,
865 1273 968 1338 factus
991 1275 1038 1338 est
1060 1274 1233 1357 imperator
1257 1272 1418 1338 occidentis.

377 1375 538 1444 Hactenus
561 1382 667 1444 autem
696 1377 821 1444 nullum
850 1377 993 1442 extitisse
1022 1377 1265 1460 jusjurandum,
1300 1374 1420 1442 dubitari

288 1503 353 1546 non
376 1487 490 1565 potest.
536 1480 613 1547 Cum
638 1483 722 1547 enim
753 1483 898 1566 vigerent
929 1503 986 1564 per
1009 1478 1158 1559 Italiam,
1193 1485 1224 1545 et
1259 1482 1292 1546 iu
1326 1479 1420 1566 primis

290 1585 409 1663 Romae,
431 1587 682 1668 persecutiones,
705 1608 775 1651 cum
798 1586 1009 1650 sollicitarent
1031 1586 1079 1649 illi
1102 1587 1287 1663 ambitiose,
1321 1591 1356 1652 ut
1375 1587 1419 1650 ha·

289 1692 440 1756 bersntur
462 1713 559 1775 snpra
581 1712 780 1756 communem
804 1690 903 1774 [Piij]
927 1689 1060 1755 aliorum
1077 1689 1297 1773 episcoporum
1311 1693 1419 1764 sortem,

268 1817 363 1883 ¹cum
397 1795 509 1860 deiude
542 1796 672 1862 Carolus
695 1796 830 1881 Magnus
852 1796 937 1879 ipsos
960 1794 1119 1859 beneficiis
1142 1795 1325 1873 devinciret,
1345 1793 1421 1858 facilc

289 1901 423 1986 cogitari
452 1903 578 1984 potest,
613 1920 707 1983 qnam
738 1899 820 1963 nihil
851 1900 895 1962 eis
925 1899 1099 1963 detulerint
1121 1898 1258 1966 Caesares
1288 1897 1420 1982 precipui

289 2006 438 2084 honoris,
460 2006 502 2070 ab
524 2006 657 2070 orientis
679 2009 787 2069 antem
808 2004 865 2070 illo
887 2004 991 2088 prisco
1013 2004 1134 2070 Caesare
1155 2025 1220 2068 non
1243 2008 1330 2082 erat,
1352 2001 1421 2086 quod

288 2111 389 2176 ullum
412 2133 475 2176 nou
498 2110 649 2175 honorem
673 2111 775 2188 modo,
803 2111 856 2174 sed
882 2131 920 2174 ne
942 2110 1070 2196 signum
1093 2111 1219 2195 quidem
1242 2109 1358 2175 amoris
1377 2129 1422 2171 er-

287 2218 461 2298 peatarent.
508 2213 635 2281 Certum
666 2219 716 2280 est
745 2215 862 2300 igitur,
897 2237 962 2279 non
984 2215 1086 2280 solnm
1109 2237 1173 2279 non
1196 2215 1339 2280 extitisse
1359 2217 1423 2276 tunc

288 2319 389 2384 ullum
407 2319 641 2403 jusjurandum,
665 2320 718 2385 sed
740 2319 844 2384 doceri
867 2341 991 2404 quoque
1005 2323 1110 2404 potest
1125 2319 1329 2384 historiarum
1344 2315 1422 2383 testi·

856 2438 872 2475 ’1

288 2530 351 2594 neit
371 2529 540 2614 gewehret,
563 2527 630 2592 dise
650 2527 776 2609 pratick
794 2527 948 2593 erlunden
964 2526 1030 2606 hat,
1054 2528 1104 2592 die
1119 2526 1227 2612 Khnig
1243 2531 1281 2592 ad
1297 2527 1423 2592 Franck-

286 2633 382 2711 reich,
407 2654 468 2697 von
491 2632 649 2711 welchen,
673 2653 723 2709 er,
747 2633 803 2696 inn
827 2632 934 2698 seinen
958 2619 1224 2716 grosten‘noten,
1249 2654 1306 2697 vor
1327 2633 1423 2696 seinen
1462 2659 1463 2696 3

286 2736 430 2814 feiuden,
465 2737 501 2800 iu
522 2734 658 2811 italien,
692 2737 823 2800 errettet
846 2735 911 2802 und
934 2735 1075 2802 erhalten
1099 2759 1181 2816 war,
1214 2741 1253 2802 ad
1276 2739 1422 2822 bewegeu,
1462 2761 1463 2764 ¹

287 2842 369 2906 nach
391 2840 461 2905 dem
484 2838 711 2904 Keiscrthumb
733 2843 771 2904 ud
793 2839 959 2917 traohten,
994 2841 1094 2906 damit
1123 2863 1157 2906 er
1185 2842 1295 2907 seinen
1325 2844 1422 2907 wider·

287 2948 441 3033 wertigeu
463 2944 595 3021 Keiser,
628 2945 762 3011 welcher
785 2948 823 3010 at
846 2943 1107 3028 Constantinopel
1139 2947 1248 3010 seinen
1277 2969 1340 3012 sess
1367 2947 1421 3022 het,
1461 2994 1462 3006 ,

286 3055 411 3118 trotzet.
442 3050 519 3115 Also
542 3051 584 3114 ist
607 3048 737 3115 Carolus
759 3048 867 3134 Konig
889 3053 927 3114 uli
951 3049 1169 3129 Franckreioh,
1193 3073 1296 3136 gegen
1320 3053 1422 3118 Nider·
1461 3073 1462 3090 i

287 3177 374 3242 gang
396 3156 451 3221 der
472 3155 609 3233 Sonnen,
634 3154 745 3222 Keiser
767 3155 904 3220 worden.
1460 3179 1461 3184 ¹

286 3261 443 3326 Bisanher
464 3261 506 3324 ist
529 3259 610 3324 noch
633 3260 707 3324 kein
730 3258 788 3324 Eid
813 3281 973 3345 gewesen,
1000 3259 1093 3324 Denn
1117 3260 1164 3324 als
1186 3261 1230 3324 sie
1253 3260 1422 3348 anfenglich

287 3365 456 3451 verfolget,
488 3364 625 3429 durnach
648 3365 761 3430 alseio
792 3385 864 3430 vom
888 3365 1098 3430 Constantino
1130 3365 1266 3450 begabet
1297 3369 1422 3443 worden,

288 3471 353 3535 und
374 3471 421 3534 als
444 3469 489 3534 sic
518 3469 681 3554 folgends,
717 3470 777 3534 den
800 3469 933 3533 Keisern
961 3473 1088 3535 mdsten
1120 3471 1339 3550 naohluuffen,
1374 3473 1423 3535 den
1459 3475 1460 3526 l

287 3574 411 3640 Primat
427 3578 464 3639 nd
480 3574 642 3657 eilangoa,
658 3574 731 3656 [30]
747 3575 789 3638 ist
804 3573 865 3638 wol
880 3577 918 3638 nd
933 3595 1100 3653 ermessen,
1116 3575 1171 3640 das
1183 3575 1233 3640 die
1243 3575 1364 3654 Keiser,
1379 3576 1423 3640 das

285 3674 390 3744 hdtlin
404 3679 453 3743 nit
463 3679 573 3746 hatten
583 3679 707 3757 wdllen,
720 3701 776 3743 vor
785 3679 869 3757 ineu,
881 3680 927 3743 als
937 3679 1067 3744 voriren
1076 3679 1260 3759 leheuhern,
1274 3682 1421 3746 abziehen.

286 3782 376 3847 Beim
400 3783 622 3848 Griechisohen
646 3783 721 3848 oder
742 3781 963 3848 Orientischeu
985 3782 1112 3862 Keiser,
1144 3787 1273 3850 utirden
1296 3788 1342 3851 sie
1364 3805 1422 3848 ver·
1458 3817 1459 3868 ,

285 3887 411 3972 geblioh
433 3888 566 3952 darumb
588 3888 779 3972 angestchst
808 3888 920 3953 haben.
967 3886 1045 3952 Also
1078 3889 1120 3953 ist
1155 3890 1205 3954 nit
1234 3891 1329 3956 allein
1359 3888 1421 3956 kein

285 3989 346 4055 Eid
368 3991 510 4056 danimal
533 4013 697 4077 genesen,
732 3992 847 4057 sunder
876 4016 950 4057 man
980 3995 1043 4058 kan
1076 3994 1121 4059 sie
1151 3997 1232 4060 auch
1264 3997 1361 4062 durch
1381 3993 1420 4057 die

284 4095 439 4159 historien
463 4090 669 4182 fiberzeugen,
693 4096 749 4160 das
772 4095 816 4160 sie
832 4096 893 4160 ires
908 4097 1135 4164 Bisohthumbs
1151 4101 1226 4164 oder
1242 4097 1419 4166 Bahstumhs
1457 4177 1458 4180 Ἴ

284 4199 505 4266 confirmation
529 4221 601 4264 vom
623 4199 734 4265 Keiser
756 4200 925 4284 empfahen
948 4205 1084 4280 mtsten,
1106 4203 1166 4268 wie
1189 4225 1222 4268 es
1245 4206 1329 4270 daun
1351 4197 1418 4267 auch

284 4325 340 4367 zur
360 4303 423 4368 neit
444 4303 555 4370 Keiser
577 4305 666 4371 Carls
688 4306 837 4390 gehalten
860 4305 973 4369 warde.
1018 4304 1094 4370 Nun
1118 4307 1162 4370 ist
1184 4308 1260 4372 aber
1281 4329 1352 4386 war,
1375 4307 1417 4369 das

284 4409 312 4478 ir
336 4430 454 4487 wesen,
478 4410 664 4497 regiorung,
688 4410 803 4498 pracht
825 4410 889 4476 und
912 4409 1124 4499 herrschung,
1148 4416 1187 4478 ari
1209 4413 1322 4480 Keiser
1342 4409 1416 4480 carle
