2938 4988
669 753 886 811 PROTEOTOR

328 895 393 948 DES
412 893 732 948 LITTERARISOHEN
750 892 908 948 VEREINS
927 892 967 946 IN
986 889 1221 946 STUTTGART:

503 1031 608 1087 SEINE
626 1019 814 1086 MAJESTKT
833 1032 908 1086 DER
926 1020 1050 1087 Kome.

633 1398 899 1455 VERWALTUNG
909 1419 915 1454 ι

668 1556 881 1614 Ρτῆεἱάοιιτι

201 1667 238 1721 Dr
249 1668 281 1721 A.
292 1685 318 1721 v.
328 1667 461 1731 Keller,
475 1664 666 1719 ordentlioher
677 1663 816 1734 professor
828 1681 864 1718 en
878 1664 927 1720 der
939 1665 967 1720 lr.
976 1663 1145 1720 universitllt
1153 1664 1184 1719 in
1193 1663 1353 1730 Tlibingen.

697 1822 860 1877 Keseierr

334 1930 517 1987 Kenzleirelh
535 1929 675 1994 Roller,
702 1926 995 1984 universitate-eomer
1011 1927 1042 1980 in
1058 1925 1219 1995 Tibingen.

711 2088 736 2139 A
768 2086 844 2142 ent:

505 2193 608 2257 Fues,
627 2103 823 2247 buohheiidler
840 2189 871 2245 in
890 2189 1048 2259 Tiibinge'n.

514 2567 1032 2626 GESELLSGHAFTSAUSSCHUSS:

201 2718 343 2773 Professor
370 2716 403 2770 dr
429 2712 589 2775 Bereok,
618 2707 882 2765 oberbibliofheker
909 2708 959 2764 der
984 2708 1054 2762 keis.
1084 2710 1276 2765 universitlils-
1294 2710 1352 2764 und

233 2820 490 2878 lendesbiblioihek
511 2817 541 2871 in
560 2814 726 2885 Siressburg.

199 2897 348 2982 Geheimer
361 2923 474 2978 hofreih
493 2922 526 2976 dr
538 2920 704 2985 Bartsch,
724 2919 914 2974 ordentlioher
932 2919 1069 2989 professor
1088 2937 1124 2974 en
1139 2920 1189 2974 der
1201 2937 1229 2989 g.
1242 2919 1351 2975 univer-

234 3033 303 3087 silet
320 3031 350 3085 in
368 3029 549 3098 Heidelberg.

200 3138 232 3190 K.
252 3135 359 3191 Cotto
376 3133 495 3188 freiherr
513 3151 538 3186 v.
557 3130 779 3187 Dottendorf
793 3130 823 3184 in
842 3129 995 3199 stuttgm.

200 3237 320 3294 nostae
339 3238 372 3291 er
390 3237 565 3298 samson,
585 3233 729 3288 vorsroher
748 3232 799 3288 eor
817 3233 846 3285 k.
863 3215 1104 3291 handbibliothek
1121 3234 1152 3289 in
1171 3236 1325 3306 stuttgart.

201 3342 239 3396 Dr
257 3340 429 3405 Holland‚
448 3339 588 3410 professor
606 3356 642 3392 an
660 3337 711 3393 der
735 3338 763 3391 k.
782 3337 950 3392 universitei
967 3338 996 3392 in
1015 3337 1178 3409 Tlibingen.·

201 3445 240 3499 Dr
257 3444 422 3514 Klilpfel‚
441 3442 637 3499 bibliotheker
655 3462 692 3499 en
711 3444 761 3498 der
778 3444 807 3497 k.
825 3443 993 3498 universitet
1011 3444 1040 3498 in
1059 3443 1217 3515 Tfibingen.

201 3549 328 3612 Direotor¹
353 3549 387 3603 dr
405 3547 435 3604 0.
453 3567 479 3603 v.
498 3548 655 3619 Klumpp
672 3549 703 3602 in
721 3524 872 3618 Stubhgeri.
1046 3553 1047 3556 ’

201 3655 241 3708 Dr
250 3653 283 3707 Κ.
297 3673 323 3709 v.
334 3654 412 3707 Meu
420 3671 433 3706 r
441 3670 483 3717 er,
496 3652 687 3707 ordenilioher
695 3651 835 3723 professor
844 3670 881 3708 en
893 3653 942 3711 der
951 3653 980 3706 k.
989 3652 1158 3708 universiillt
1166 3653 1197 3709 in
1205 3655 1354 3712 Mfinohen.

201 3761 240 3814 Dr
261 3758 430 3815 Vollmer
451 3759 480 3813 in
501 3759 655 3830 stuttgart.

200 3865 348 3921 Geheimor
364 3865 594 3937 regiorungsreth
614 3864 647 3920 dr
666 3865 796 3930 Weitr,
824 3866 1015 3922 ordentlioher
1040 3864 1178 3935 professor
1197 3883 1234 3920 en
1253 3865 1304 3920 der
1323 3867 1352 3921 k.

234 3969 403 4025 universitet
419 3969 450 4023 in
469 3969 573 4024 Berlin.

187 4075 240 4128 Dr
259 4074 519 4138 melenbach,
548 4073 739 4132 ordentlioher
765 4032 904 4146 professor
931 4093 967 4130 en
997 4076 1047 4130 der
1073 4075 1100 4127 k.
1129 4074 1297 4131 universilfi
1323 4077 1353 4130 in

306 4179 411 4234 Berlin.

202 4284 240 4337 Dr
259 4284 432 4350 Zernolre‚
460 4286 651 4342 ordentlioher
669 4287 809 4358 professor
826 4304 863 4341 an
882 4286 932 4343 der
950 4287 978 4341 k.
997 4285 1168 4341 universitet
1184 4284 1214 4339 in
1233 4285 1355 4355 Leipzig.
