2902 4996
571 314 630 382 lot

50 497 78 559 de
92 493 321 578 justificatione,
354 491 398 556 sio
430 494 478 556 est
506 489 726 567 illustrabam,
756 491 794 552 ut
825 485 1011 552 infitiationi
1040 483 1172 548 nonsit

50 602 113 665 ullus
133 599 222 664 locus.
267 596 446 662 Patefactus
469 598 518 660 est
541 598 637 678 atquo
667 595 708 659 ob
740 594 845 658 oculos
876 593 998 676 positus
1030 611 1172 654 errorum

49 704 235 790 labyrinthus,
249 703 466 786 quibuserant
480 699 636 765 intricate
648 699 791 763 omnium
804 693 969 762 hominum
986 699 1115 758 mentes.

49 809 158 874 donoedi
180 809 280 892 possit
301 808 361 872 hoo
384 808 428 870 eis
450 804 603 882 fortasse,
634 804 718 888 quod
752 803 845 867 initio
873 823 937 864 non
961 805 1027 863 tem
1051 795 1173 881 ingenii

12 897 14 950 3
49 915 178 997 pravitate
201 917 232 978 et
255 913 391 989 malitia,
415 933 510 995 quam
534 910 735 994 ignoratione
758 908 904 993 quadam,
927 927 965 970 ex
989 903 1173 989 longinqui-

12 1037 13 1056 ³
48 1023 97 1082 tntu
117 1018 262 1100 temporis
285 1020 320 1080 et
340 1013 568 1080 consuetudine
591 1013 741 1090 collecta,
772 1012 942 1096 peccarint.
983 1009 1077 1086 Esto,
1109 1010 1174 1073 lar-

12 1129 14 1136 ’
48 1124 152 1207 giamur
173 1122 233 1186 hoo
248 1122 302 1185 eis.
336 1119 420 1197 Quid
436 1123 542 1184 autem
565 1118 611 1182 rei
634 1123 681 1183 est
704 1121 759 1182 aut
782 1118 938 1201 quomodo
959 1115 1085 1181 veniam
1108 1135 1174 1179 me·

47 1231 162 1304 reantur,
185 1227 242 1311 qui
265 1225 360 1290 etiam
382 1223 535 1289 hodierno
559 1223 618 1300 die,
643 1226 717 1307 post
738 1225 804 1286 tam
828 1223 958 1306 longum
982 1226 1116 1303 tempus,
1139 1219 1173 1282 in

47 1332 91 1396 lac
109 1320 281 1396 clarissima
303 1329 445 1392 veritatis
468 1330 537 1392 luce
559 1332 625 1393 tem
640 1328 800 1393 obstinate
815 1329 994 1392 resistunt?
1024 1324 1175 1388 Excusari

12 1469 14 1484 z
47 1436 166 1518 profecto
200 1456 265 1498 non
297 1437 403 1517 potest
432 1433 498 1498 ulla
530 1432 654 1497 ratione
682 1433 748 1498 haeo
771 1433 953 1516 pertinacia.
1001 1428 1068 1494 Nee
1089 1429 1175 1492 enim

12 1527 14 1592 l
47 1542 128 1606 vocari
147 1541 216 1624 jam
240 1543 344 1624 potest
368 1537 502 1622 simplex
519 1538 580 1602 ists
596 1538 765 1624 ignoratio,
790 1559 859 1622 quae
873 1535 996 1601 veniam
1013 1535 1174 1617 impetret,

48 1648 85 1710 sed
105 1647 217 1729 duplex
241 1645 306 1722 illa,
330 1666 426 1727 quem
438 1643 531 1708 Plato
546 1643 706 1722 describit,
731 1665 801 1708 curn
818 1644 899 1727 quis,
922 1639 1048 1723 indu[N
1056 1640 1177 1723 iij]ctus

12 1777 13 1780 ¹
46 1751 113 1814 fastu
134 1751 272 1836 quodam
294 1751 326 1810 et
348 1748 504 1831 superbia,
529 1747 589 1810 sibi
612 1747 711 1810 sumit
730 1747 863 1829 alicujus
879 1748 924 1810 rei
940 1746 1097 1830 peritiam,
1122 1747 1178 1807 eut

12 1859 13 1864 ’
47 1856 146 1940 aliquid
178 1860 309 1930 tuetur,
344 1853 428 1936 quod
452 1853 500 1917 vel
523 1852 625 1916 nescit
649 1853 698 1916 vel
722 1855 804 1916 recte
827 1851 950 1916 defendi
975 1871 1040 1916 non
1064 1850 1177 1934 potest.

46 1961 77 2024 llt
94 1963 141 2025 hio
164 1959 294 2044 quidem
316 1959 463 2037 allectus,
496 1979 565 2022 curn
596 1957 710 2022 incidit
739 1958 771 2020 in
795 1957 956 2022 hominem
980 1953 1099 2038 alioqui
1121 1973 1179 2036 po·

12 2105 13 2108 =
47 2069 147 2129 tentem
169 2070 202 2129 et
226 2063 436 2146 locupletem,
468 2085 600 2148 magnas
623 2063 781 2128 concitare
804 2063 883 2127 solet
906 2061 1032 2138 turbes,
1069 2062 1105 2122 ut
1127 2058 1179 2120 in-

12 2239 13 2242 ,
47 2172 101 2252 quit
129 2171 201 2249 ille,
236 2169 319 2233 sicut
340 2171 373 2232 ct
395 2168 455 2233 hoo
477 2174 587 2233 nostro
611 2175 752 2252 tempore
775 2188 881 2232 coram
904 2167 1046 2230 videmus
1069 2168 1100 2228 et
1124 2181 1178 2226 ex·
1248 2201 1250 2205 ,

47 2276 177 2359 perimur.
677 2327 681 2338 ,

12 2397 14 2446 ὲ
121 2383 167 2446 Aa
188 2379 352 2464 profecto,
382 2380 410 2443 si
433 2379 557 2443 nullum
580 2378 712 2444 haberes
734 2379 838 2458 aliud,
862 2378 982 2456 Oaesar,
1017 2375 1180 2451 indicium,

47 2483 122 2549 facile
143 2491 254 2550 tamen
277 2485 381 2550 videas
404 2507 441 2549 ex
466 2485 531 2562 ais,
567 2507 637 2568 quse
665 2489 741 2548 sunt
771 2489 842 2549 aete
864 2483 1067 2559 Ratisbonae,
1102 2499 1181 2562 prae-

600 2607 618 2646 a

12 2695 13 2700 ’
48 2693 89 2758 der
109 2695 316 2788 begangenen
340 2694 487 2759 falsoheit
510 2695 634 2760 endlich
664 2690 849 2760 fiberwisen.
896 2694 969 2758 Wie
991 2693 1053 2756 lran
1077 2689 1113 2753 E.
1137 2687 1181 2752 M.

48 2802 135 2887 einige
156 2802 302 2886 neigung
324 2802 398 2865 oder
421 2804 498 2886 grite
520 2800 702 2884 gedancken
726 2805 764 2865 nd
788 2802 861 2865 ineu
882 2800 996 2874 haben,
1021 2797 1070 2859 die
1085 2794 1121 2857 E.
1139 2793 1182 2856 M.

48 2905 72 2967 in
86 2907 210 2970 solchen
227 2927 426 2990 grsusamen,
451 2905 687 2989 verderhlichen
703 2907 802 2971 zanek
817 2912 854 2971 nd
870 2902 973 2982 sciren,
997 2899 1183 2985 vorgehabt,

48 3012 99 3074 und
120 3013 219 3076 daran
243 3010 347 3074 nichts
371 3011 473 3076 haben
496 3012 655 3075 erwinden
679 3013 807 3075 lassent

121 3115 162 3180 Es
185 3115 296 3179 mdcht
317 3115 391 3178 ineu
415 3114 643 3200 naehgelassen
666 3116 731 3179 und
747 3115 956 3200 geschencket
972 3111 1106 3185 werden,
1131 3107 1185 3170 das

48 3216 83 3282 sie
102 3218 287 3304 anfenglieh
308 3221 404 3282 etwas
427 3241 483 3282 eus
506 3219 744 3297 unwissenheit,
768 3220 833 3282 und
852 3219 902 3282 nit
918 3239 975 3302 gar
991 3237 1046 3279 aus
1062 3211 1188 3277 bosheit

49 3324 150 3404 gathon
176 3324 293 3388 haben.
319 3321 404 3386 ‹Das
427 3323 471 3386 sie
491 3323 569 3386 aber
593 3322 674 3387 noch
699 3324 825 3408 houtigs
848 3327 920 3408 tags
942 3316 1076 3385 dardber
1100 3338 1186 3381 mur-

48 3450 102 3508 ren,
123 3431 190 3494 und
213 3429 319 3514 gleich
341 3428 530 3516 halsstarrig
552 3430 689 3508 bleiben,
714 3430 769 3494 das
785 3431 829 3494 ist
841 3430 876 3513 ja
890 3423 929 3493 z'ri
943 3428 997 3504 vil,
1022 3425 1084 3490 Got
1099 3423 1187 3486 wirts

49 3531 159 3600 lreilich
184 3535 235 3598 nit
257 3536 466 3619 ungestraffet
489 3537 609 3614 lassen,
641 3537 723 3600 denn
746 3557 778 3600 es
803 3536 846 3599 ist
869 3536 919 3599 nit
941 3534 991 3597 die
1013 3529 1187 3611 einfeltige,

49 3641 150 3703 sonder
170 3639 222 3702 die
238 3638 363 3702 tonbele
378 3640 613 3716 unwissanheit,
638 3641 739 3704 davon
755 3639 848 3704 Plato
863 3639 1012 3714 schreibt,
1035 3632 1186 3708 utmlioh,
1278 3691 1281 3695 .

50 3763 128 3806 wenn
152 3745 241 3808 einer
264 3743 363 3807 durch
387 3745 482 3808 stoltz
504 3746 568 3809 und
600 3744 752 3810 hoohmdt
782 3767 838 3808 vor
867 3744 934 3808 sich
964 3744 1089 3824 nimpt,
1124 3736 1189 3800 und

50 3848 94 3910 wil
115 3851 165 3913 ein
190 3849 270 3932 ding
293 3853 416 3926 wissen,
440 3851 495 3913 das
518 3873 552 3914 ar
575 3851 624 3913 nit
648 3851 730 3916 weis.
778 3850 851 3914 Und
874 3871 966 3914 wenn
990 3845 1132 3929 diejlnene
1154 3862 1188 3904 so

52 3951 106 4016 dise
127 3960 177 4017 art
200 3975 242 4017 an
266 3953 332 4018 sielr
356 3954 477 4032 haben,
500 3955 587 4019 reich
609 3956 674 4018 und
697 3955 849 4040 gewaltig
871 3955 958 4031 sind,
985 3950 1122 4016 sehaffen
1146 3946 1190 4009 sie

52 4057 100 4121 offt
114 4080 245 4143 grossen
260 4061 389 4137 unrath,
412 4060 476 4124 und
493 4060 625 4124 macheu
641 4060 798 4143 sdrgliehe
819 4066 1044 4142 empdrungcn,
1068 4049 1191 4136 spricht

53 4182 88 4240 er,
109 4165 167 4228 wie
190 4165 248 4228 wir
271 4164 354 4229 denn
377 4165 461 4230 diser
483 4167 544 4229 neit
567 4166 647 4230 auch
670 4165 776 4229 sehen.
815 4202 818 4210 ·

53 4265 147 4331 Wenn
170 4269 247 4333 aber
269 4268 305 4332 E.
330 4269 373 4334 M.
406 4271 466 4334 ires
495 4270 647 4335 heillosen
678 4265 859 4334 firrnemeus
881 4266 974 4330 keine
995 4264 1111 4328 andere
1133 4281 1190 4325 an-

54 4372 179 4458 raigung
203 4375 276 4453 hat,
311 4375 414 4440 weder
442 4375 510 4438 iren
542 4374 705 4454 beschlus,
741 4373 809 4438 auff
824 4372 938 4456 jitngst
959 4387 1192 4454 vergangenem
