2938 4988
592 321 633 382 49

51 495 150 570 terant,
172 491 351 574 quicunque
366 489 523 576 legebant,
548 489 697 574 legebant
712 493 817 554 autem
834 492 923 557 valde
944 492 1047 576 pauci,
1071 515 1185 577 puram

57 602 81 660 et
98 596 297 680 impollutam,
321 600 353 660 et
376 596 398 659 ii
422 596 549 680 quidem
571 618 697 673 omnes,
722 597 817 660 variis
841 598 870 662 ei
893 599 1076 664 nominibus
1100 600 1183 664 obli-

57 701 117 786 gati.
159 698 251 765 Nunc
275 721 359 778 vero,
385 722 481 784 quum
505 704 629 784 tempus
652 701 749 779 adest,
773 705 810 764 ut
832 707 975 782 corruat,
999 707 1036 767 ut
1058 703 1186 788 insigne

58 805 173 888 praebeat
194 805 263 868 orbi
287 805 325 868 de
348 827 381 870 se
405 807 628 888 spectaculum,
653 813 785 870 conatur
808 807 927 890 eripere
950 814 983 872 et
1002 811 1188 891 extorquere

58 909 217 973 hominibus
241 909 490 974 instrumentum
515 911 611 988 illud,
645 932 819 994 quosnam
843 911 1040 994 impietatem
1064 936 1099 978 ac
1121 935 1187 978 sce·

58 1015 108 1078 1111
127 1015 210 1078 videt
232 1035 300 1078 esse
322 1013 490 1097 patefacta.
533 1014 715 1078 Proximum
731 1015 913 1080 stulterum
936 1018 1118 1100 praesidium
1142 1023 1189 1082 est

15 1155 16 1162 1
58 1119 275 1201 armn[D]tum:
300 1120 389 1183 saevit
413 1119 491 1205 igni,
515 1119 609 1198 ferro,
633 1121 762 1203 laque0,
785 1120 933 1186 fluctibus
955 1128 987 1187 et
1011 1125 1118 1202 nudie,
1152 1127 1188 1188 ut

59 1246 188 1310 agnoscas
220 1224 397 1301 artificem,
431 1226 522 1290 illurn
554 1225 733 1309 antiquum
752 1225 883 1290 humaui
905 1229 1030 1311 generis
1053 1228 1188 1306 hostem,

15 1365 16 1368 =
58 1329 99 1410 qui
118 1329 251 1393 oaerlibus
274 1332 307 1392 et
329 1330 485 1415 sanguine
508 1331 690 1395 delectatur.
736 1329 781 1394 Ut
811 1336 915 1395 autem
939 1333 981 1397 sit
1004 1334 1186 1411 terribilior,

15 1423 17 1486 l
58 1434 250 1517 exploratores
274 1433 372 1498 habet
393 1457 449 1518 per
472 1436 579 1500 onmia
601 1457 709 1520 regna,
732 1441 846 1500 vocant
870 1437 1093 1521 inquisitores,
1117 1438 1188 1521 qui·

58 1538 101 1602 bus
121 1538 177 1604 hoo
200 1543 248 1603 est
272 1541 474 1604 commissum
498 1563 631 1618 munus,
655 1546 692 1605 ut
714 1564 766 1606 eos
788 1564 913 1622 omnes,
948 1543 1003 1626 qui
1026 1542 1185 1607 dominam

606 1661 624 1700 1

15 1735 16 1752 ³
61 1753 130 1812 nent
158 1772 239 1815 ceux
270 1751 326 1834 qui
349 1751 487 1835 lisoyent
514 1749 711 1816 lssnscriture:
735 1773 770 1815 ce
792 1753 846 1836 qni
870 1753 996 1818 avenoit
1023 1756 1127 1836 apen,
1152 1751 1189 1816 de

60 1855 80 1917 11
97 1854 148 1918 lire
180 1877 262 1938 pure
293 1858 325 1919 et
350 1878 412 1920 non
443 1855 593 1919 falsifico:
619 1855 690 1937 [23]
706 1855 790 1938 joint
816 1878 877 1939 que
894 1863 964 1922 tous
979 1857 1040 1922 tels
1055 1857 1189 1922 leoleurs

15 1985 16 1988 ¹
59 1958 98 2042 luy
109 1963 252 2044 estoyent
266 1964 393 2024 attenus
416 1983 455 2024 cn
477 1961 613 2025 diverses
636 1964 745 2024 sortes.
781 1959 811 2024 A
826 1966 953 2044 present
969 1983 1029 2044 que
1044 1962 1074 2028 11
1088 1967 1190 2046 temps

15 2077 17 2156 ξ
59 2069 93 2126 est
111 2087 188 2129 venu
216 2065 331 2146 auquel
361 2064 384 2129 il
415 2065 487 2130 faut
521 2065 600 2148 qu'il
630 2063 737 2128 tombe
767 2068 799 2128 et
828 2067 891 2129 soit
918 2087 958 2130 en
992 2069 1116 2132 mentre
1149 2088 1190 2130 ou

58 2171 189 2251 spectacle
224 2192 265 2234 au
298 2169 428 2247 monde,
464 2170 487 2232 il
519 2191 552 2233 se
582 2169 726 2253 parforee
757 2169 871 2235 d'oster
901 2176 933 2236 et
961 2173 1106 2238 arracher
1129 2195 1191 2238 aux

15 2257 16 2260 ¹
58 2272 178 2339 hommes
203 2275 425 2339 l'instrument
455 2296 513 2358 por
545 2274 648 2358 lequel
670 2275 695 2338 il
726 2277 792 2340 voit
824 2296 881 2339 aon
910 2275 1039 2359 implete
1065 2280 1098 2340 et
1123 2299 1190 2342 me·

57 2377 184 2443 11111111
217 2378 347 2445 (1111111.
386 2377 513 2443 L'autre
547 2379 750 2444 fortification
774 2378 852 2443 dont
876 2380 899 2444 il
925 2402 958 2444 se
978 2380 1098 2459 munit,
1125 2381 1192 2466 gist

57 2503 85 2545 en
113 2504 234 2548 armes:
274 2505 326 2548 oar
359 2484 383 2547 il
416 2505 523 2547 exerce
557 2506 592 2548 sa
625 2487 753 2549 ornante
787 2507 843 2568 par
866 2484 952 2564 ieuz,
989 2486 1190 2572 3111111,Ιί-

57 2591 123 2664 eols,
156 2613 241 2656 eanx
265 2595 296 2654 et
320 2591 435 2669 ondes,
470 2610 550 2673 pour
580 2594 612 2655 te
643 2591 762 2655 donner
787 2593 805 2654 a
829 2591 1007 2676 cogneistre
1039 2595 1103 2656 cest
1133 2613 1191 2656 ou·

56 2696 130 2775 rrier,
153 2695 270 2761 ancien
293 2695 420 2760 ennemi
440 2695 481 2758 du
496 2715 594 2778 genre
616 2694 758 2774 humain,
788 2696 842 2780 qui
870 2717 903 2760 se
918 2696 1034 2781 baigne
1056 2717 1095 2759 en
1111 2695 1205 2782 saug‘

56 2803 79 2862 et
96 2807 258 2866 meurtres.
290 2799 375 2864 Pour
391 2821 517 2864 encores
541 2822 574 2864 ae
589 2799 675 2867 faire.
693 2801 765 2885 plus
791 2801 920 2866 terrible
941 2804 973 2865 et
997 2801 1191 2887 radoutable,

57 2905 114 2971 ila
144 2911 197 2973 des
232 2907 360 2992 capiens
398 2928 456 2991 par
490 2910 562 2970 tous
597 2927 780 2990 royaumes,
817 2904 909 2990 qu'ils
941 2907 1104 2991 appellent
1134 2905 1190 2970 In·

612 3025 628 3062 *

56 3112 116 3176 nien
147 3137 266 3200 purey
289 3116 338 3180 sin
363 3115 579 3199 depravacion,
605 3115 693 3180 todos
716 3117 761 3179 en
778 3115 824 3178 fin
849 3115 878 3180 11
903 3115 1003 3180 daven
1022 3116 1063 3200 11
1090 3116 1190 3182 inter-

57 3221 218 3298 pretacion,
255 3207 367 3303 quael
392 3221 516 3303 queria,
547 3240 623 3304 yse
646 3219 783 3302 guiaven
806 3243 863 3305 por
887 3240 923 3284 su
942 3221 1048 3304 juyzio
1073 3221 1139 3298 del,
1171 3245 1192 3307 y

58 3324 132 3390 todos
163 3327 194 3391 le
220 3330 352 3390 estavar
376 3346 434 3408 por
450 3326 587 3390 diversos
611 3329 768 3408 respectos
787 3324 960 3408 obligados.
992 3324 1072 3390 Pero
1096 3347 1194 3410 agorn

58 3450 105 3509 que
117 3454 157 3514 ya
171 3453 204 3495 es
221 3430 336 3494 venido
349 3431 378 3494 el
393 3430 512 3514 tiempo
529 3452 589 3514 que
605 3450 713 3514 oayga,
730 3450 824 3513 yque
836 3429 874 3494 de
886 3452 950 3494 una
963 3434 1103 3496 muestra
1117 3454 1193 3517 muy

58 3535 189 3600 schalada
214 3535 248 3599 al
271 3535 398 3614 mundo,
422 3537 546 3620 trabajc
568 3557 626 3618 por
649 3539 752 3598 tornar
774 3557 796 3618 y
818 3533 924 3617 quitur
946 3555 1005 3618 por
1027 3535 1134 3622 fuerqa
1158 3538 1195 3600 de

57 3637 94 3700 111
116 3661 225 3703 manos
245 3641 283 3702 de
304 3639 350 3702 los
367 3638 514 3704 hombres
529 3639 622 3723 aquel
644 3638 746 3715 libro,
770 3659 827 3702 con
851 3638 880 3702 el
904 3638 979 3721 qual
1002 3661 1056 3704 vce
1080 3661 1140 3722 que
1162 3663 1195 3704 11

58 3739 192 3808 desoubre
223 3765 262 3807 su
294 3743 462 3826 impiedad,
491 3766 544 3808 sus
568 3747 736 3823 maldadeS,
759 3768 781 3829 y
807 3745 1069 3824 abominaoiones,
1091 3770 1114 3831 y
1136 3769 1194 3812 son

58 3847 252 3936 endereqados
283 3849 331 3913 los
360 3848 508 3913 hombres
538 3873 597 3934 por
620 3851 649 3916 11
680 3851 804 3916 camino
828 3851 918 3914 dela
952 3851 1122 3915 verdadera
1143 3873 1193 3914 sa-

58 3950 110 4017 lcd.
153 3954 193 4018 El
217 3953 360 4038 seguudo
391 3953 527 4036 presidio
559 3977 620 4038 que
643 3978 662 4018 a
684 3959 748 4020 cate
771 3977 803 4018 se
826 3955 915 4039 signe
939 3955 1048 4040 luego,
1079 3977 1111 4018 es
1142 3979 1193 4019 11-

59 4058 145 4122 nado.
193 4059 322 4141 Perque
346 4058 489 4142 persigue
511 4082 530 4124 a
552 4061 664 4145 fuego,
700 4081 914 4145 yasangre,
950 4081 1009 4122 eon
1039 4058 1143 4122 hierro
1173 4083 1195 4144 y

61 4159 142 4245 [137]
164 4163 272 4227 dendo
304 4166 440 4246 gerrote,
463 4187 484 4248 y
510 4186 566 4229 con
595 4186 693 4249 agua,
718 4185 856 4250 peraque
885 4185 918 4228 se
940 4163 1042 4247 pueda
1064 4185 1196 4228 eonocer

60 4267 145 4350 mejor
167 4269 196 4334 11
220 4268 354 4346 artifice,
378 4291 437 4352 que
459 4291 490 4334 es
506 4271 598 4353 aquei
621 4270 765 4354 enemigo
789 4269 921 4352 antiguo
940 4267 990 4330 del
1017 4267 1193 4354 1111181111-

60 4391 158 4452 mallo,
182 4395 244 4457 que
269 4393 302 4435 Sd
325 4393 397 4438 (leva
420 4396 479 4439 oon
513 4378 616 4439 maiar
638 4398 659 4461 y
695 4375 854 4439 deltam&
885 4393 1009 4458 sangre.
1055 4373 1086 4437 Y
1115 4389 1194 4458 'para

97 4491 215 4536 8111111111
969 4477 986 4536 4
