2930 4998
793 343 857 406 218

249 515 378 582 illorum
399 517 485 601 leges
508 519 604 598 atque
626 516 868 582 constitutiones
893 518 1019 598 oportet
1041 516 1086 581 sic
1108 539 1176 582 esse
1199 521 1391 602 temperatas,

251 626 288 687 ut
311 626 482 706 appareat,
516 619 598 684 nihil
633 642 685 684 eos
715 621 800 686 aliud
824 625 982 706 spectasse
1004 644 1099 705 quam
1121 623 1233 708 populi
1256 625 1392 701 salutern,

252 731 287 792 ut
308 729 434 792 nullum
457 729 489 791 in
514 726 559 790 eis
582 725 835 810 deprehendatur
859 729 1006 793 malevoli
1029 729 1128 792 animi
1152 729 1339 814 vestigium,
1366 729 1393 792 id

251 833 333 916 quod
356 833 503 916 tyrannis
525 831 688 915 proprium
710 835 775 910 est,
812 833 868 914 qui
896 831 1043 898 ferociter
1066 837 1099 897 et
1120 834 1289 918 imperiose
1312 857 1393 898 man·

250 939 346 1014 dant,
381 959 438 1003 nec
461 941 566 1002 tamen
591 937 690 1003 ullam
712 937 927 1021 probabilem,
962 959 1085 1021 aequam
1107 941 1163 1002 aut
1185 939 1306 1002 rationi
1327 961 1393 1003 con·
1448 999 1449 1018 ,

250 1045 433 1106 sentaueam
455 1064 579 1106 eausam
602 1042 759 1106 adferunt.
792 1036 939 1108 Habendi
962 1047 1039 1106 sunt
1059 1043 1157 1128 igitur
1175 1047 1208 1108 et
1223 1045 1393 1110 aestimandi

250 1147 415 1230 pontifices
445 1149 595 1228 tanquam
628 1146 770 1212 seditiosi
800 1147 882 1212 cives
915 1149 999 1212 orbis
1023 1147 1216 1225 Christiani,
1252 1151 1394 1231 quoniam
1448 1159 1449 1236 1

205 1327 211 1342 .
250 1251 325 1329 illa,
361 1273 431 1334 quae
453 1273 538 1316 nunc
560 1274 579 1314 a
601 1252 723 1316 saeeulis
747 1253 869 1336 aliquot
891 1253 1055 1332 fecerunt,
1091 1253 1216 1318 decreta
1239 1257 1395 1340 pertinent
1448 1251 1449 1302 Ῐ

138 1399 141 1404 -
250 1356 380 1420 omniuo
403 1356 441 1420 ad
464 1356 605 1439 ipsorum
628 1358 767 1440 privatas
790 1359 1039 1438 commoditates,
1064 1362 1096 1423 et
1110 1359 1243 1443 reliquis
1256 1361 1394 1424 omnibus

251 1461 415 1527 ordinibus
438 1461 532 1545 plane
555 1467 630 1526 sunt
653 1463 889 1542 intolerabilia,
924 1469 961 1528 ut
991 1467 1117 1528 constat
1147 1485 1212 1528 uon
1242 1487 1281 1530 ex
1310 1464 1394 1529 libris

250 1568 386 1643 tantum,
411 1566 465 1630 sed
487 1589 525 1630 ex
547 1568 740 1650 quotidianis
765 1570 904 1653 ipsorum
929 1570 1115 1648 actionibus,
1139 1593 1209 1654 quae
1232 1570 1311 1634 tales
1334 1591 1394 1632 onr-

251 1671 328 1736 nino
350 1676 434 1750 sunt,
458 1676 495 1736 ut
517 1674 682 1757 negotium
705 1675 797 1740 hodie
819 1675 977 1740 facessant
999 1675 1109 1740 multis
1125 1679 1157 1740 et
1174 1675 1394 1760 praestantibus
1448 1669 1449 1676 '

253 1775 338 1840 viria.
384 1775 468 1842 Nam
499 1779 698 1862 inaequalitas
734 1780 790 1845 illa
823 1802 940 1865 magna
972 1803 1036 1845 non
1067 1785 1173 1866 potest
1205 1803 1271 1845 non
1294 1803 1396 1865 parere

256 1882 435 1946 animorum
459 1883 691 1950 alienationem.

339 1989 402 2057 Sed
425 2011 513 2068 ecce,
537 1991 662 2074 quando
687 1991 890 2075 pontificatus
912 1990 1066 2056 honorem
1089 1992 1288 2074 suscipiunt,
1316 1993 1395 2074 jure·
1448 2011 1449 2058 1

248 2091 385 2174 jurando
408 2094 608 2168 confirmant,
632 2117 699 2160 sese
722 2097 959 2175 observaturos,
984 2119 1053 2180 quae
1075 2119 1134 2181 pro
1157 2098 1315 2182 dignitate
1337 2099 1395 2162 lto-

251 2219 353 2262 manae
375 2200 456 2264 sedis
480 2202 653 2266 constituta
683 2205 758 2266 sunt
788 2225 806 2266 a
828 2203 1016 2285 majoribus,
1051 2203 1110 2267 hoc
1133 2207 1198 2268 est:
1223 2203 1395 2267 inconsulto

250 2304 301 2368 vel
324 2326 388 2368 non
412 2306 604 2370 assentiente
626 2306 834 2372 cardinalium
857 2313 979 2386 senatu,
1004 2307 1086 2373 nihil
1110 2312 1298 2374 mutaturos.
1333 2307 1396 2370 Hoc

248 2410 486 2494 jusjurandum,
516 2413 543 2475 si
563 2412 629 2494 jam
652 2413 725 2478 inde
749 2435 767 2478 a
790 2414 963 2498 primordio
988 2413 1140 2478 Romanas
1162 2413 1299 2478 ecclesia
1321 2435 1395 2476 sem-

250 2537 307 2600 per
330 2516 447 2594 extitit,
467 2516 534 2599 jam
558 2523 641 2580 certe
660 2537 778 2596 omnes,
802 2517 857 2600 qui
875 2517 1005 2584 fuerunt
1022 2539 1040 2582 a
1055 2517 1143 2582 mille
1159 2517 1394 2602 quadringentis

819 2639 836 2680 a

251 2726 368 2810 trbtzig
397 2727 565 2812 gebieten,
599 2728 664 2792 und
695 2727 774 2793 doch
801 2728 894 2793 keine
925 2727 1062 2793 radliehe
1096 2727 1212 2792 ursach
1241 2729 1394 2812 anzeigen.

251 2830 394 2896 Darumb
417 2836 487 2898 mds
510 2855 583 2896 man
609 2832 688 2898 auch
712 2833 761 2897 die
784 2832 902 2910 Basse,
933 2833 980 2897 als
1002 2827 1181 2898 auffrhfirer
1203 2833 1269 2896 und
1292 2832 1395 2897 101111-

251 2937 332 3002 liche
355 2936 457 3021 glider
481 2938 533 3000 des
550 2935 762 3002 Christlichen
781 2937 930 3015 bezircks,
954 2936 1064 3002 halten
1082 2937 1145 3000 und
1161 2936 1288 3014 achten,
1311 2937 1394 3002 dweil

250 3044 312 3108 alle
335 3045 380 3108 ire
403 3045 607 3128 ordnuugen,
640 3045 690 3108 die
713 3045 759 3108 sie
781 3067 849 3108 nun
872 3045 989 3109 seither
1012 3044 1126 3109 etliche
1151 3045 1292 3109 hundert
1310 3045 1393 3127 jaren

251 3149 414 3234 gemacht,
438 3149 506 3214 iren
530 3149 622 3212 stand
644 3150 709 3214 und
732 3171 835 3214 wesen
859 3150 1053 3228 betreffend,
1087 3154 1125 3216 111
1141 3149 1243 3214 ihrem
1269 3149 1396 3214 vortheil

251 3254 364 3332 allcin,
397 3255 461 3318 und
486 3258 576 3318 annet
599 3254 682 3320 allen
707 3255 845 3318 anderen
868 3256 1024 3334 stenden,
1057 3279 1129 3320 zum
1151 3260 1282 3340 grdsten
1307 3254 1395 3320 nach-

250 3358 329 3422 theil
352 3359 417 3422 und
439 3359 649 3424 beschwernis
672 3359 820 3443 gemacht
843 3359 925 3438 siud,
949 3360 1014 3424 und
1037 3361 1156 3446 trhtnig
1171 3360 1394 3446 auffgerichtet,

250 3487 291 3530 on
316 3465 378 3529 alle
401 3465 579 3549 billigkeit,
603 3465 677 3530 Wie
700 3467 784 3530 daun
808 3466 911 3530 solchs
934 3466 1030 3544 alles,
1051 3466 1115 3530 'nit
1137 3465 1235 3530 allein
1259 3489 1315 3530 aus
1335 3466 1395 3529 iren

251 3566 428 3649 hdchereu,
463 3571 576 3636 sonder
607 3570 687 3636 auch
711 3593 766 3636 aus
790 3572 878 3650 dem,
915 3571 970 3637 das
992 3595 1065 3636 man
1089 3570 1210 3655 tttglich
1235 3572 1319 3636 sihet
1339 3569 1395 3635 und

251 3675 377 3753 artaret,
402 3676 643 3740 unverneinlich
665 3677 716 3755 ist,
741 3677 820 3740 auch
844 3676 899 3740 der
916 3699 1050 3754 massan,
1075 3677 1130 3742 das
1147 3678 1209 3741 ieta
1225 3677 1278 3742 die
1293 3681 1395 3763 gantae

123 3837 126 3843 .
250 3780 325 3844 welt
347 3782 379 3844 in
404 3775 522 3846 maiheu
545 3781 610 3844 und
633 3781 775 3846 arbeiten
799 3779 920 3860 stehet,
955 3782 1020 3846 und
1052 3781 1224 3846 derhalben
1248 3783 1308 3846 mit
1328 3781 1394 3844 ineu

250 3889 288 3950 ad
311 3885 392 3949 thun
416 3885 478 3950 hat.
527 3885 620 3950 Denn
651 3887 715 3950 dise
746 3907 854 3972 grosse
877 3886 1072 3972 ungleicheit
1105 3887 1167 3951 kan
1199 3887 1313 3950 anders
1342 3885 1393 3958 uit,

251 3989 334 4054 daun
358 3991 509 4055 rinwillen
534 3991 598 4056 und
622 3991 750 4055 verdros
773 3991 918 4076 geheren.

249 4095 354 4158 Wenn
380 4097 425 4159 sie
447 4119 491 4159 nu
506 4119 576 4160 zum
592 4096 769 4161 Babstumb
793 4097 918 4173 homan,
943 4093 1067 4162 meissen
1092 4097 1137 4160 sic
1159 4099 1318 4162 schweren
1341 4096 1395 4158 irer

250 4201 395 4265 vorlaren
419 4200 573 4266 Decreten
596 4205 634 4266 ad
657 4200 787 4278 halben,
823 4201 877 4267 das
902 4203 961 4280 ist,
996 4202 1059 4265 ohn
1085 4203 1156 4286 [49]
1180 4203 1393 4285 verwilligung

99 4262 103 4277 Ι
250 4305 304 4368 des
328 4303 522 4384 Consistori,
557 4308 607 4371 nit
639 4307 775 4372 dawider
805 4311 843 4372 111
866 4307 957 4374 chun.
1005 4307 1053 4370 Ist
1084 4329 1127 4370 nu
1156 4307 1239 4372 diser
1262 4305 1318 4370 Eid
1340 4304 1392 4368 alle

249 4409 327 4487 aeit,
351 4409 405 4474 das
428 4411 486 4488 ist,
522 4434 584 4476 von
606 4412 727 4496 anfang
750 4413 804 4476 der
829 4413 1019 4478 ltdmischen
1040 4411 1217 4478 Bischtiveu
1250 4429 1390 4498 genesen,
