2902 4996
807 341 869 405 162

259 522 412 584 statuere:
435 515 545 600 quodsi
564 514 741 580 Germaniae
764 513 807 578 sit
830 512 918 578 utilis
941 516 974 577 et
996 514 1144 579 saluteris
1165 513 1233 579 haec
1255 513 1392 591 doctrina,

259 646 323 688 non
346 642 439 706 posse
462 621 550 685 illam
574 641 649 683 non·
662 641 728 684 esse
750 619 946 684 commodam
982 623 1014 683 et
1044 620 1253 684 necessariam
1275 640 1393 702 quoque,

258 749 322 793 non
345 727 409 791 tuis
433 725 526 790 modo
548 725 745 803 dicionibus,
780 745 888 788 verum
918 724 1015 788 ctiam
1049 725 1111 788 toti
1139 730 1296 789 terrerum
1326 724 1395 790 orbi.

228 885 229 888 η
260 833 330 911 Qua
352 832 389 896 de
411 853 504 895 causa
526 829 753 913 Hispaniarum
784 851 838 893 rex
862 829 1096 909 Ferdinandus,
1132 852 1208 894 avus
1239 833 1311 896 tuus
1339 852 1395 893 ma·
1442 864 1443 918 3

259 943 384 1014 ternus,
418 935 658 1018 inquisitionem
683 935 771 1000 illam
795 935 990 1013 instituerit,
1027 940 1138 1000 notum
1168 937 1234 1010 est;
1268 955 1304 998 ea
1324 955 1396 998 nunc

259 1044 384 1108 sublata
406 1063 518 1120 causa,
554 1039 646 1104 debet
675 1041 771 1104 etiam
794 1040 914 1104 aboleri
938 1062 1066 1124 prorsus
1089 1039 1267 1124 inquisitio.
1314 1039 1397 1104 Recte

260 1147 386 1233 quidem
420 1151 452 1210 et
484 1145 628 1229 legitime
662 1144 727 1209 fuit
756 1149 908 1229 usurpata
937 1145 970 1208 in
995 1144 1184 1210 Christiane
1206 1145 1396 1229 professionis
1439 1179 1441 1188 ι

260 1253 404 1318 homines
426 1249 626 1316 Judaismnm
654 1254 838 1334 sequentes,
873 1272 981 1314 verum
1011 1256 1127 1334 praeter
1140 1299 1143 1305 -
1156 1271 1282 1315 causam
1303 1254 1334 1314 et
1354 1271 1395 1315 ru·
1443 1311 1444 1316 ,

260 1357 380 1421 tionem
402 1352 563 1419 exercetor
587 1355 619 1418 in
644 1375 705 1433 eos,
729 1355 784 1439 qui
805 1355 809 1437 Ι
830 1355 964 1440 cupiunt
986 1377 1155 1440 agnoscere
1177 1354 1350 1434 Christum,
1371 1358 1397 1418 et

260 1461 373 1526 falsam
408 1459 584 1524 doctrinam
619 1481 744 1523 omnem
780 1460 910 1524 student
943 1463 1069 1525 evitare.
1123 1459 1346 1539 Quamobrem,
1376 1459 1397 1521 si

261 1565 353 1650 regni
377 1564 424 1628 tui
448 1585 590 1648 proceres
612 1584 650 1627 ac
672 1563 798 1627 ordines
821 1587 856 1628 eo
879 1585 1061 1650 permovere
1083 1587 1205 1648 posses,
1241 1569 1276 1628 ut
1306 1585 1398 1628 emen-

261 1670 389 1734 daretur
412 1669 478 1746 ille,
501 1668 694 1753 permultum
719 1668 751 1731 in
777 1691 812 1732 eo
835 1691 911 1733 sane
933 1669 1043 1734 feceris
1066 1690 1123 1754 pro
1138 1670 1277 1733 nominis
1292 1669 1397 1734 Christi
1444 1735 1445 1738 ,

261 1775 364 1860 gioria
379 1777 412 1837 et
426 1773 636 1857 plurimorum
660 1772 771 1837 salute.
802 1773 887 1838 Nam
909 1774 946 1852 si,
970 1771 1053 1858 quod
1076 1781 1125 1838 est
1147 1775 1180 1838 in
1198 1797 1235 1838 ea
1250 1775 1396 1850 vitiosum,

261 1901 323 1944 non
357 1878 506 1968 tollatur,
541 1877 744 1961 asperitatem
767 1878 799 1941 in
823 1901 856 1942 se
878 1879 974 1942 nimis
997 1879 1139 1962 profecto
1163 1901 1311 1965 magnam
1333 1901 1397 1942 con-

260 1983 353 2060 tinet,
377 2005 413 2046 ac
434 1984 565 2048 omnino
587 1984 694 2060 talem,
718 1984 805 2067 cujus
828 1983 1005 2067 exemplum
1029 1983 1063 2047 in
1086 1985 1183 2049 nullis
1205 1988 1292 2049 extat
1306 2005 1399 2048 rerum

262 2087 486 2152 monumentis.
1445 2157 1446 2174 ἶ

347 2191 465 2256 Eadem
489 2197 537 2257 est
559 2193 653 2276 plane
676 2194 758 2258 ratio
773 2194 808 2258 in
823 2199 880 2257 tue
895 2199 964 2260 tota
979 2194 1118 2280 Belgica,
1143 2195 1258 2278 quibus
1280 2195 1312 2258 in
1334 2193 1400 2257 locis
1445 2189 1446 2194 ’

262 2298 364 2362 multe
385 2298 518 2361 subinde
541 2297 624 2360 fiunt
646 2297 785 2377 decreta,
822 2299 936 2382 quihus
960 2304 1142 2364 coercentur
1174 2299 1337 2378 homines,
1367 2319 1401 2360 ne

262 2403 437 2467 doctrinam
461 2402 542 2466 hanc
565 2403 729 2487 recipiant.
760 2403 802 2467 ut
826 2425 889 2488 quo
911 2405 976 2470 fere
998 2411 1139 2489 tempore
1159 2406 1192 2469 in
1209 2403 1399 2470 Germaniam

831 2523 847 2561 ss

262 2610 479 2687 undersasscn,
503 2611 626 2676 solcher
642 2613 743 2696 geben
760 2612 957 2697 theilhefftig
973 2614 1115 2690 macheu,
1138 2613 1203 2676 und
1219 2613 1399 2698 gedenchen,

262 2736 311 2778 wo
334 2716 469 2799 gemelte
492 2716 565 2794 lere,
589 2716 761 2781 Teutscher
784 2717 922 2795 Nation,
946 2721 1006 2803 gut
1027 2718 1091 2780 und
1116 2717 1251 2782 heilsam
1275 2720 1333 2798 ist,
1355 2718 1400 2780 das

263 2820 308 2884 sie
330 2820 379 2883 nit
401 2821 496 2884 allein
519 2820 555 2884 Ε.
573 2819 615 2884 Μ.
632 2819 823 2898 Erblanden,
849 2822 962 2884 sonder
984 2821 1065 2886 auch
1088 2823 1143 2886 der
1165 2826 1303 2907 gantzen
1325 2821 1399 2898 welt,

166 2964 170 2972 ,
263 2924 413 3004 ntitzlich,
437 2925 600 3002 trdstlich,
623 2927 688 2990 und
711 2927 783 3008 [18]
807 2925 999 3010 notdurfftig
1021 2926 1089 2990 sein
1113 2948 1192 2990 mus.
1239 2925 1325 2990 Umh
1346 2947 1399 2990 wes

264 3028 416 3094 ursechen
442 3031 548 3094 willen
578 3030 757 3115 obgemelte
779 3029 993 3114 Inquisition,
1026 3052 1087 3095 von
1112 3030 1146 3094 E.
1172 3031 1215 3095 Μ.
1246 3032 1400 3106 enherreu,

264 3133 372 3218 Konig
391 3134 600 3213 Ferdinendo,
623 3136 835 3221 uffgerichtet,
858 3136 901 3200 ist
924 3135 1057 3220 kundig,
1081 3127 1245 3201 Nachdem
1269 3137 1343 3202 aber
1361 3134 1402 3198 die

263 3238 384 3328 ursach
399 3239 548 3318 uffhdret,
573 3239 619 3304 sol
643 3242 693 3305 die
717 3241 911 3325 inquisition
927 3242 1009 3305 auch
1025 3242 1075 3306 nit
1090 3242 1179 3306 mehr
1196 3242 1273 3306 sein.
1307 3242 1401 3326 Gegen

264 3342 314 3405 die
336 3342 492 3423 Christen,
517 3366 552 3408 so
575 3346 614 3410 da
636 3345 827 3424 Jfidischen,
860 3346 902 3410 ist
927 3346 971 3410 sie
994 3345 1085 3410 recht
1107 3349 1310 3432 angestellet‘,
1340 3347 1402 3410 aber

264 3468 365 3531 gegen
389 3448 449 3526 die,
472 3471 506 3513 so
528 3452 568 3515 da
590 3452 724 3536 begercn
748 3452 910 3516 Christum
933 3451 1022 3515 recht
1044 3455 1083 3515 zh
1105 3453 1285 3530 erkennen,
1314 3450 1402 3516 demit

264 3551 310 3615 sie
331 3553 398 3616 sich
422 3575 477 3616 vor
500 3555 599 3618 denen
622 3553 833 3621 Endchristen
857 3557 945 3620 desto
968 3556 1024 3620 bas
1047 3551 1144 3621 hdten
1175 3563 1306 3642 mdgen,
1340 3557 1421 3620 wirt·

264 3656 310 3720 sie
332 3657 487 3722 unbillich
510 3655 635 3744 gedbet.
673 3661 736 3725 Wo
759 3681 803 3724 nu
827 3660 861 3725 E.
884 3661 927 3724 M.
952 3662 1002 3725 die
1024 3660 1123 3725 Stend
1146 3661 1242 3726 dahin
1266 3663 1400 3745 bewegen

265 3761 381 3841 mdcht,
406 3764 460 3827 des
483 3766 527 3828 sie
549 3766 724 3849 gelindert,
752 3767 833 3830 auch
856 3767 944 3830 recht
967 3765 1030 3830 und
1054 3766 1203 3830 fdrmlich
1226 3766 1402 3852 engestellet

265 3869 329 3931 und
352 3869 501 3952 gehalten
525 3871 647 3949 wiirde,
680 3873 713 3936 in
737 3873 806 3937 dem
830 3871 885 3936 het
907 3871 942 3934 Ε.
968 3871 1010 3934 Μ.
1036 3871 1112 3934 umb
1137 3869 1248 3936 Gottes
1271 3873 1333 3936 und
1356 3870 1400 3932 der

266 3972 398 4036 warheit
420 3975 526 4039 willen
550 3997 608 4061 gar
630 3977 675 4041 vil
705 3978 834 4061 gethon.
880 3976 973 4041 Denn
1004 3982 1094 4040 sonet
1121 3977 1179 4040 ists
1209 3977 1260 4041 ein
1291 3975 1399 4040 suicher

265 4076 414 4163 beewang
437 4081 501 4144 und
525 4082 742 4166 cigenthumb,
767 4081 965 4167 desgleichen
989 4081 1041 4146 nie
1063 4080 1195 4166 gehdret
1218 4082 1271 4146 ist.

352 4181 560 4270 Dergleichen
592 4188 634 4250 ist
662 4189 741 4251 auch
774 4209 834 4250 von
860 4185 894 4249 Ε.
920 4187 962 4249 Μ.
987 4185 1076 4250 nider
1100 4185 1281 4250 Erblenden
1305 4188 1342 4250 ad
1361 4203 1399 4246 re·

266 4285 343 4363 den,
367 4287 400 4350 in
423 4290 561 4353 welchen
585 4291 620 4354 Ε.
647 4293 689 4355 Μ.
715 4293 815 4355 neben
840 4293 977 4355 anderen
1001 4291 1131 4375 vorigen
1155 4290 1327 4356 Mandaten
1348 4285 1399 4350 und

266 4390 420 4472 Edicten,
453 4395 510 4460 het
543 4398 676 4462 newlich
709 4421 767 4484 gar
799 4399 849 4462 ein
882 4397 996 4483 hefftig
1019 4395 1151 4461 Mandat
1174 4395 1240 4458 dise
1263 4395 1336 4460 sech
1357 4392 1399 4455 be-
