2902 4996
804 359 865 421 108

251 529 348 596 semel
379 529 515 614 polliciti
546 533 642 607 sunt,
678 529 892 618 perfecerint?
946 527 1014 594 Aut
1046 552 1111 595 non
1142 531 1330 616 placuerunt
1357 534 1394 598 eis
1440 523 1441 536 ³

250 639 362 700 vestrae
392 636 551 715 rationes,
584 639 640 700 aut
669 635 740 700 aliis
769 636 863 701 rebus
887 635 1033 720 impediti
1055 659 1120 700 non
1143 641 1317 720 potuerunt
1337 643 1393 703 tam
1440 651 1441 656 ’

250 745 363 805 vestrae
392 754 487 824 quam
516 763 579 806 suae
608 743 750 827 ipsorum
780 741 993 825 expectationi
1024 741 1214 809 satisfacere.
1262 742 1392 807 Dilatum

251 851 300 910 est
322 847 423 931 igitur
444 847 618 911 remedium
640 845 674 910 in
704 845 790 911 hunc
819 868 919 932 usque
950 847 1051 925 diem,
1088 848 1140 911 sed
1171 848 1276 913 utrius
1303 849 1392 932 partis

250 952 413 1016 commodo
436 951 487 1017 vel
510 952 705 1017 incommodo
729 951 863 1016 dilatum
888 953 959 1017 est?
1004 951 1158 1035 Equidem
1182 954 1314 1036 opinor,
1347 976 1392 1018 vos

251 1056 334 1121 nihil
357 1056 409 1121 hic
433 1079 623 1142 magnopere
645 1056 727 1120 velle
758 1057 907 1141 gloriari,
938 1059 1092 1140 tanquam
1115 1057 1153 1121 de
1174 1080 1208 1122 re
1231 1059 1392 1141 prudenter

251 1161 450 1246 feliciterque
472 1162 704 1226 administrata.

252 1266 354 1343 Quam
378 1266 479 1352 igitur
502 1288 590 1351 spem
613 1265 736 1331 habetis
758 1264 939 1347 reliquam?
982 1267 986 1348 Ι
1029 1263 1150 1330 Armis.
1168 1269 1201 1330 et
1230 1267 1262 1332 vi
1284 1266 1393 1331 frustra

250 1371 446 1456 pugnabitis.
491 1371 576 1436 Nam
598 1375 630 1436 et
652 1371 875 1455 praeterierunt
906 1370 1114 1450 occasioness
1136 1374 1168 1434 et
1199 1376 1298 1438 auctae
1326 1376 1393 1436 sunt
1441 1359 1442 1388 ³

250 1475 386 1541 nimium
410 1477 492 1541 vires
515 1499 623 1542 eorum
647 1499 724 1561 quos
748 1475 869 1561 petitis,
892 1479 925 1540 et
947 1476 1128 1542 alienantur
1150 1499 1169 1540 a
1192 1477 1280 1541 vobis
1302 1476 1393 1540 indier

252 1581 354 1667 magis
377 1585 471 1665 atque
494 1583 596 1668 magis
619 1582 785 1647 hominum
813 1580 921 1646 animi.
967 1581 1055 1646 Num
1078 1585 1185 1648 autem
1208 1582 1327 1666 putatis
1346 1580 1361 1643 f
1379 1617 1392 1628 -

250 1689 378 1764 turum,
412 1691 448 1752 ut
479 1689 610 1754 redeant
631 1689 666 1752 iu
689 1688 847 1774 gremium
870 1690 1009 1752 vestrum
1032 1688 1228 1772 adversarii?
1273 1687 1394 1752 Frustra

252 1796 335 1856 certe
357 1793 488 1874 putatis,
513 1816 587 1858 nam
603 1797 724 1858 terrent
741 1815 793 1858 eos
809 1792 953 1878 vestigia.
983 1791 1036 1857 An
1053 1815 1126 1858 vero
1142 1794 1187 1858 sie
1203 1793 1391 1870 existimatis

251 1919 317 1962 non
346 1898 487 1962 laturum
517 1919 591 1963 esse
607 1899 708 1962 Deum
740 1899 822 1962 hanc
853 1898 981 1963 illorum
1013 1899 1143 1964 avobis
1174 1898 1392 1964 defectionem?
1442 1913 1443 1918 ’

685 2012 693 2024 .
820 2020 838 2060 *
1152 2021 1155 2028 ,

250 2106 335 2172 fleiss
357 2102 592 2194 fdrgewendet‚
620 2109 686 2173 und
709 2107 815 2173 niehts
837 2107 959 2175 habeut
980 2109 1193 2174 underlessen.
1238 2109 1328 2174 Denu
1349 2129 1393 2171 wo

250 2211 296 2276 sie
318 2233 433 2276 ewerer
455 2233 516 2276 von
542 2217 638 2296 utitem
661 2211 797 2297 gehabt,
833 2213 898 2278 und
932 2213 1031 2279 durch
1061 2237 1161 2280 ewere
1193 2215 1278 2279 head
1297 2213 1393 2279 haben

249 2317 393 2401 passirem
416 2312 561 2396 mdssen‚
591 2316 671 2381 habt
693 2317 745 2381 ihr
768 2316 813 2382 sie
836 2318 960 2383 allezeit
983 2321 1148 2406 geudtigt‚
1173 2319 1251 2385 eueh
1273 2323 1310 2385 ml
1330 2340 1392 2382 ver·

216 2410 220 2416 ¹
249 2421 383 2501 heissen,
407 2443 510 2508 gegen
533 2440 642 2502 emere,
670 2425 736 2488 und
760 2445 856 2488 ewers
877 2422 967 2488 seule
991 2425 1230 2511 widerwertige‚
1254 2421 1390 2497 thuruch,

248 2529 314 2592 und
337 2526 514 2591 mitellam
538 2531 627 2592 ernst
649 2531 687 2592 zh
709 2527 858 2592 handlen.
894 2527 959 2594 Das
975 2530 1119 2595 hdnnent
1134 2531 1162 2594 ir
1182 2531 1217 2614 ja
1240 2530 1289 2594 nit
1308 2527 1389 2611 leug·
1443 2549 1444 2552 ¹

249 2654 330 2712 nen,
361 2631 439 2696 Was
462 2631 520 2695 hat
541 2632 585 2696 sie
608 2655 674 2696 nun
698 2634 796 2697 daran
819 2633 1028 2698 verhindert?
1074 2634 1168 2701 Diser
1190 2636 1300 2700 zweier
1321 2633 1390 2706 eins,

249 2737 407 2802 entweder
430 2736 484 2802 das
507 2737 552 2801 sie
582 2758 681 2802 ewere
712 2738 896 2820 practichen
930 2740 1005 2804 ineu
1039 2740 1130 2806 nieht
1162 2741 1266 2806 haben
1297 2741 1388 2804 lasseu
1443 2731 1444 2736 ’

248 2841 405 2927 gefellen‚
437 2842 511 2907 oder
543 2841 638 2920 aber,
672 2843 726 2906 das
756 2843 802 2906 sie
835 2865 896 2908 von
918 2865 1028 2929 wegen
1051 2845 1183 2911 anderer
1205 2843 1388 2910 zhfellender

247 2947 457 3013 besohwernis
480 2948 583 3013 haben
605 2942 731 3014 mdssen
753 2949 898 3014 zdsehen.
945 2947 1040 3027 Nun,
1073 2949 1155 3014 diser
1187 2972 1303 3036 verzug
1331 2947 1387 3012 und

248 3052 413 3117 hindernis
442 3054 593 3118 welchem
625 3053 682 3118 teil
711 3055 753 3118 ist
783 3076 816 3118 er
840 3075 891 3118 am
914 3055 1127 3119 ntitzlichsten
1149 3057 1319 3140 genesen?
1359 3051 1387 3114 lr

249 3155 473 3223 bedanelrens¹
498 3158 575 3223 eueh
594 3157 719 3223 freilieh
742 3159 792 3223 nit
814 3158 889 3238 fest,
913 3159 998 3224 daun
1021 3160 1049 3222 ir
1072 3159 1191 3224 habent
1214 3160 1335 3225 seidher
1348 3156 1387 3220 vil

249 3266 343 3348 guter
365 3262 478 3328 bisslin
503 3263 654 3328 verloren.
826 3273 827 3276 ’

336 3367 413 3433 Wes
436 3372 614 3454 getrdstent
636 3368 687 3432 ihr
711 3368 790 3433 euch
811 3368 887 3433 aber
902 3368 960 3432 inu
977 3368 1072 3433 allem
1089 3369 1177 3434 disen
1194 3370 1310 3434 onfal?
1337 3366 1390 3431 Mit

248 3471 364 3558 gewnlt
387 3473 527 3538 werdent
549 3472 577 3536 ir
601 3473 706 3537 niehts
729 3473 856 3538 kdnnen
880 3473 1036 3553 antehoc,
1070 3475 1098 3538 ir
1121 3475 1243 3540 hahent
1265 3479 1303 3540 zh
1324 3474 1390 3554 lang

247 3578 456 3666 gesohlaffen‚
490 3580 518 3643 ir
540 3580 671 3643 homent
690 3579 722 3662 je
744 3579 855 3664 leuger
874 3579 907 3663 je
930 3579 1020 3642 mehr
1043 3580 1075 3642 in
1100 3587 1247 3666 grdssern
1271 3597 1389 3664 arguor

247 3685 298 3750 bei
318 3685 488 3769 jederman‚
513 3686 542 3748 ir
566 3685 692 3750 sehents
708 3708 765 3749 vor
780 3707 894 3772 eugen.
935 3683 1018 3748 Oder
1042 3684 1116 3750 aber
1140 3684 1315 3750 verhoffent
1334 3681 1388 3756 ihr,

244 3789 291 3854 sie
313 3791 437 3854 werden
461 3789 602 3854 endtlich
624 3790 798 3854 widerumb
822 3794 860 3855 ud
884 3789 973 3868 euch,
997 3789 1043 3852 als
1062 3793 1134 3854 arim
1150 3790 1280 3854 rechten
1295 3784 1388 3852 schaf-

245 3895 321 3959 stall
344 3895 483 3959 homan?
520 3892 571 3958 Sic
594 3893 739 3958 fdrehten
763 3895 831 3959 sich
856 3889 929 3959 dbel
953 3915 1009 3958 vor
1033 3894 1148 3958 diesem
1172 3894 1257 3971 stall,
1281 3891 1339 3956 und
1360 3910 1388 3952 es

245 3999 341 4084 gehet
364 3999 439 4064 inen
461 3999 520 4063 wie
543 3997 613 4064 dem
636 3997 747 4077 fuehs‚
782 3999 837 4064 der
868 4003 939 4064 adm
969 3998 1067 4063 leweu
1100 3999 1150 4062 nit
1180 3999 1290 4062 hinein
1311 3993 1387 4059 wolt.

124 4109 127 4116 '
246 4103 400 4189 Meynent
422 4104 451 4168 ir
474 4105 582 4181 damn,
618 4101 681 4168 Got
703 4105 803 4168 werds
827 4105 878 4170 nit
899 4106 976 4189 lang
1010 4107 1192 4190 gestatten,
1227 4103 1290 4167 und
1312 4097 1387 4163 werd

247 4430 265 4485 (1
303 4346 339 4486 οὲ
368 4343 403 4400 So
427 4346 500 4400 nach
527 4345 582 4401 den
608 4345 906 4401 druekfehlerverbess.
926 4346 976 4401 der
995 4345 1119 4416 ausgebe
1141 4347 1216 4402 1541.
1239 4344 1318 4401 1542:
1345 4341 1387 4394 be·

267 4446 302 4486 en
337 4447 393 4486 ens.
