2930 4998
594 339 656 402 225

66 511 130 572 sunt
148 507 244 593 aliqui
267 511 299 573 et
323 513 437 574 curant
461 509 536 594 quid
560 510 704 578 homines
727 518 835 596 agant.
881 511 914 576 Si
936 513 1017 578 nulli
1039 519 1115 580 sunt
1141 519 1197 580 aut

64 614 162 678 sinon
184 613 359 698 respiciunt
382 637 431 680 res
454 615 631 696 hominum,
665 617 747 682 nihil
770 618 884 696 refert,
918 619 1197 704 quomodocunque

63 718 197 782 vivamus.
243 716 301 784 Sin
324 723 429 784 autem
452 724 545 799 sunt,
579 725 611 784 et
643 721 810 788 intuentur
842 725 952 787 nostra
982 722 1082 802 facta,
1113 731 1197 790 certe

62 823 170 906 placare
192 844 361 907 possumus
382 845 434 890 cos
450 825 588 890 victimis
604 831 636 892 et
651 827 822 907 sacrificiis,
847 826 922 912 quia
936 831 1012 892 suut
1026 829 1197 912 placabiles

62 932 87 992 et
106 927 285 1008 exorabiles,
309 933 346 994 ut
368 932 416 994 est
439 929 474 995 iu
496 933 655 996 communi
679 932 821 998 omnium
844 953 997 998 sermone.

135 1032 335 1118 Colloquium
357 1034 443 1099 istud
466 1038 524 1112 est,
547 1038 584 1100 ut
599 1035 747 1113 diximus,
771 1036 944 1115 ethnicum,
967 1040 999 1102 et
1014 1038 1197 1104 confutatur

59 1139 212 1205 aSocrate
235 1143 360 1223 postea,
393 1139 447 1204 sed
471 1138 578 1202 eadem
601 1143 649 1205 est
670 1141 764 1225 plane
787 1141 869 1206 ratio
899 1141 1093 1225 pontificum.
1139 1143 1197 1208 Et-

59 1245 179 1309 enimsi
202 1243 375 1310 voluissent
398 1243 504 1310 officio
527 1244 638 1330 fungi,
663 1246 744 1330 quod
769 1247 902 1324 debent,
935 1250 967 1312 et
990 1248 1077 1332 cujus
1099 1247 1196 1312 titulo

58 1349 121 1414 freti
143 1352 249 1415 tantas
271 1349 412 1414 retinent
434 1348 655 1433 possessiones,
675 1350 743 1433 jam
767 1351 958 1434 oportuisset
980 1373 1032 1416 eos
1048 1352 1195 1432 docende,

58 1455 212 1533 monend0,
236 1453 441 1532 emendando,
465 1453 562 1518 variis
585 1456 617 1518 et
639 1454 870 1539 multiplicibus
893 1457 1078 1522 ministeriis
1095 1459 1196 1522 maxi·

56 1581 113 1624 mos
134 1559 222 1625 obire
245 1558 379 1635 labores,
407 1557 542 1622 tolerare
565 1557 683 1624 multas
705 1560 842 1644 vigilias,
866 1560 908 1644 [T
918 1559 979 1646 iiij]
1003 1582 1196 1646 concoquere

56 1665 140 1751 longa
168 1664 282 1740 taedis,
316 1663 383 1745 pati
415 1662 622 1728 contumelias
653 1664 891 1748 improborum,
926 1669 958 1730 et
981 1687 1038 1750 pro
1062 1667 1194 1731 summis

55 1769 202 1836 beneficiis
226 1767 317 1834 adfici
340 1767 465 1852 probris
488 1772 583 1851 atque
599 1767 759 1846 conviciis,
782 1769 816 1834 in
839 1769 913 1834 vitre
936 1791 1060 1855 quoque
1083 1771 1194 1837 discri-

54 1876 130 1940 mine
149 1896 215 1940 non
237 1893 311 1937 raro
331 1873 468 1950 versari,
498 1873 581 1956 quod
611 1873 673 1958 piis
701 1873 790 1938 verbi
820 1874 1000 1940 doctoribus
1031 1875 1194 1961 proprium

55 1983 101 2047 cst.
146 1979 224 2044 Haec
246 1977 377 2061 inquam
400 1976 507 2042 omnia
529 1977 690 2042 subeunda
713 1977 848 2043 fuissent
869 1979 930 2056 eis,
955 2001 1013 2044 nec
1037 1979 1069 2044 id
1092 1981 1194 2060 modo,

53 2085 155 2149 redde
178 2082 289 2167 quavis
312 2082 417 2168 potius
441 2103 475 2147 rc
498 2081 704 2168 cogitandum
727 2083 771 2147 eis
793 2082 906 2149 fuisset
929 2085 1082 2168 quamde
1109 2109 1195 2152 com·

52 2189 191 2271 parandis
213 2187 343 2273 opibus,
367 2187 521 2252 vixissent
544 2187 686 2252 contenti
709 2187 860 2254 mediocri
882 2190 1033 2273 tenuique
1056 2190 1194 2256 fortuna.

54 2292 105 2359 Sed
133 2316 257 2379 quaere,
291 2293 347 2377 qui
376 2293 574 2376 respondeat.
619 2291 810 2358 Pontificum
845 2298 928 2360 certe
957 2317 1129 2382 generosus
1161 2299 1194 2360 ct

51 2400 214 2466 immensus
248 2399 372 2464 animus
406 2398 487 2462 hanc
519 2397 703 2464 servitutem
738 2402 771 2462 et
793 2399 899 2464 sordes
923 2421 963 2464 ne
987 2401 1100 2484 dignas
1124 2401 1195 2484 qui-

52 2504 111 2570 dem
135 2527 202 2571 csse
225 2506 335 2587 putat,
360 2503 397 2566 de
420 2503 534 2586 quibus
557 2502 684 2587 cogitet.
725 2502 870 2568 Platonis
893 2505 1018 2588 potius,
1043 2505 1092 2569 vel
1115 2504 1195 2570 Adi-

51 2611 143 2676 manti
166 2609 359 2676 sententiam
382 2607 595 2692 recipiendam
618 2629 684 2673 esse
704 2612 831 2692 putant.
862 2608 1001 2675 Virtutis
1017 2613 1049 2674 et
1063 2631 1195 2674 summae

613 2729 631 2768 a

49 2819 122 2884 uach
144 2819 382 2886 mensclrlicheu
407 2817 537 2902 dingen,
560 2818 635 2882 oder
657 2818 732 2882 aber
755 2839 787 2881 es
810 2817 881 2880 sind
904 2822 970 2904 gut,
994 2819 1059 2883 und
1083 2841 1194 2884 nemen

48 2923 360 3002 sichmenschlicher
384 2923 535 3009 dingen.
582 2923 660 2988 Sind
684 2946 728 2987 nu
750 2923 842 2986 keine
866 2927 939 3008 gut,
973 2925 1048 2988 oder
1080 2946 1193 2990 nemen

48 3028 86 3092 sie
107 3031 175 3095 sich
197 3050 293 3094 unser
318 3027 422 3094 nichts
445 3051 496 3108 an,
521 3050 555 3094 so
578 3030 656 3115 gilts
677 3028 783 3114 gleich
805 3051 868 3094 was
884 3029 942 3092 wir
962 3028 1075 3094 thund.
1114 3029 1192 3094 Sind

48 3133 113 3200 aber
135 3141 203 3222 gur,
227 3135 293 3200 und
316 3135 418 3200 haben
444 3135 511 3200 auff
530 3157 642 3200 unsere
657 3135 760 3199 werck
782 3135 833 3198 eiu
857 3134 1044 3212 auffsehens,
1070 3155 1105 3198 so
1128 3136 1193 3199 lran

46 3259 110 3304 man
134 3241 181 3306 sie
200 3241 260 3305 mit
275 3241 378 3325 geben
394 3240 459 3304 und
476 3240 720 3325 brandopfferen
734 3237 906 3304 uiderumb
923 3245 1086 3317 versbnen,
1111 3241 1194 3304 denn

47 3342 85 3407 sie
107 3346 181 3410 sind
204 3344 383 3410 versdnlich
407 3346 471 3410 und
494 3345 653 3423 erbitlioh,
678 3344 738 3408 wie
760 3367 834 3409 man
857 3346 939 3428 sagt.

124 3450 185 3516 Dis
207 3450 250 3513 ist
272 3449 323 3514 ein
347 3448 523 3514 Heidnisch
546 3447 720 3534 gesprtch,
752 3448 810 3512 wie
841 3447 1036 3534 obengesagt
1060 3447 1194 3530 (wiewol

45 3574 72 3616 es
93 3555 147 3620 der
172 3554 315 3620 Socrates
337 3555 484 3640 folgends
506 3553 686 3639 widerlegt)
719 3553 793 3617 aber
823 3552 899 3617 umb
924 3552 983 3616 den
1006 3551 1107 3616 Babst
1129 3552 1194 3616 und
1273 3637 1275 3643 Ι

47 3658 149 3726 seinen
181 3660 311 3746 anhang
343 3659 415 3724 hats
447 3660 525 3724 eben
548 3660 617 3724 eine
640 3657 745 3722 solche
769 3658 895 3744 gestalt.
943 3656 1037 3721 Denn
1061 3656 1116 3721 het
1139 3658 1193 3721 der

46 3762 110 3846 [53]
135 3765 238 3830 Babst
261 3765 361 3830 eollen
382 3765 466 3830 from
489 3766 554 3830 und
585 3764 769 3849 auffriohtig
802 3763 884 3841 sein,
918 3783 953 3827 so
985 3760 1040 3826 het
1069 3785 1105 3826 er
1132 3762 1192 3826 mit

45 3869 209 3954 predigen,
232 3870 337 3948 leren,
368 3869 434 3933 und
458 3870 596 3934 anderen
620 3869 783 3946 dienstcn,
818 3867 863 3932 vil
886 3861 980 3930 mdhe
1002 3866 1068 3930 und
1090 3867 1194 3930 arbeit

45 3969 161 4054 haben,
197 3974 263 4039 und
297 3975 364 4038 auff
392 3976 486 4040 erden
511 3975 616 4039 nichts
638 3974 794 4060 weniger,
827 3974 911 4038 donn
936 3972 1016 4036 uach
1038 3976 1097 4056 gdt
1120 3973 1194 4036 oder

45 4075 154 4144 bracht
178 4078 320 4144 dencken
344 4101 480 4145 mussen.
520 4079 585 4144 Das
608 4077 650 4142 ist
673 4099 717 4142 nu
741 4077 842 4141 ciuem
861 4077 954 4159 jeden
978 4077 1027 4140 nit
1049 4076 1192 4160 gelegen,

44 4183 158 4248 meinet
181 4206 233 4261 er,
257 4183 314 4248 hat
336 4183 489 4249 demnaclr
513 4184 579 4249 dise
602 4183 788 4248 Theorioum
810 4182 976 4258 Platonis,
1011 4181 1061 4244 ins
1092 4181 1194 4244 werck

44 4288 104 4351 und
127 4287 274 4371 practiclr
297 4289 451 4372 gestellet.
498 4287 565 4353 Hat
596 4288 640 4351 im
673 4286 763 4352 einen
797 4286 905 4350 schein
938 4287 991 4350 der
1013 4286 1193 4370 gerechtig-

45 4389 109 4456 keit
131 4394 199 4456 und
225 4392 375 4458 fromkeit
397 4397 579 4479 angemast,
603 4393 669 4458 also
692 4392 747 4456 dus
769 4414 842 4456 man
865 4391 990 4469 nichts,
1014 4391 1098 4454 dann
1121 4389 1195 4454 eitel

96 4511 225 4556 staram·
954 4497 987 4554 15
