2902 4996
807 360 868 433 190

257 541 376 608 ceelaus
399 541 432 604 et
453 539 610 605 liebertus
643 544 674 603 et
697 533 922 624 sigismundus
955 543 1072 627 aliique
1100 548 1174 627 pust
1208 565 1269 609 eos.
1316 541 1393 622 Quod

257 653 363 715 autem
384 647 419 710 hi
442 645 523 711 colla
543 644 759 710 submiserunt
773 644 995 732 indignissimo
1006 647 1095 732 jugo,
1119 647 1251 713 dubium
1263 654 1391 726 nonest,

257 755 335 840 quin
358 751 437 816 illud
459 747 593 814 fecerint
614 749 733 832 partim
755 747 904 834 opinione
926 751 1106 835 religionis,
1129 753 1249 836 purtim
1271 753 1391 817 circum-

256 859 344 925 venti
366 855 552 941 pontificum
575 851 756 944 calliditate.
789 851 873 919 Nam
889 853 1005 921 electus
1028 857 1143 940 aliquis
1166 861 1199 922 et
1221 855 1392 942 designatus

257 964 360 1030 Oaesar
384 985 402 1026 a
426 957 622 1045 principibus
645 957 840 1037 Germaniae,
873 961 900 1024 si
930 961 1024 1026 fidem
1054 959 1141 1025 illam
1164 965 1196 1026 et
1218 963 1392 1045 obsequium
1446 1023 1447 1056 ,

258 1065 444 1152 denegabat,
468 1085 531 1128 non
555 1065 680 1147 poterat
702 1085 721 1127 a
742 1063 891 1146 pontifice
903 1068 1052 1151 consequi
1068 1068 1253 1132 sollemnem
1269 1067 1392 1152 inaugu-
1446 1057 1447 1114 ἶ

257 1173 421 1237 rationem.
466 1168 500 1234 Si
519 1169 586 1252 jam
607 1168 643 1231 in
674 1190 710 1232 eo
740 1170 903 1253 proposito
934 1174 1117 1235 constanter
1148 1172 1304 1250 lraerebat,
1337 1193 1393 1235 non

258 1281 334 1342 erat‘
349 1274 536 1339 inusitatum
559 1272 720 1358 pontifici,
743 1295 924 1356 permovere
945 1275 1115 1359 principes,
1139 1280 1176 1339 ut
1193 1277 1297 1340 alium
1318 1297 1393 1340 crea·

257 1386 347 1459 rent,
383 1379 465 1463 qnod
487 1377 580 1443 facile
604 1377 811 1462 impetrabat,
844 1379 968 1464 quaudo
992 1385 1057 1445 tres
1080 1379 1129 1444 illi
1152 1380 1318 1458 electores,
1348 1378 1394 1462 qui

257 1490 388 1573 propter
410 1483 530 1548 ordinis
554 1486 586 1548 et
614 1483 780 1548 sacerdotii
810 1485 1062 1549 communionem
1093 1485 1211 1570 alioqui
1242 1489 1317 1548 sunt
1337 1481 1392 1546 lto·

256 1613 358 1658 manae
376 1581 445 1654 'sedi
467 1588 640 1654 arctissime
668 1588 823 1668 devincti,
853 1589 1022 1654 studebant
1044 1591 1073 1654 ei
1096 1613 1152 1674 per
1174 1589 1283 1653 omnia
1304 1577 1392 1674 grati·
1447 1583 1448 1642 i

257 1696 355 1764 ficari.
401 1694 474 1760 Jam
507 1693 561 1757 ille
593 1693 648 1778 qui
681 1694 725 1758 sic
756 1693 933 1778 eligebatur
954 1693 1059 1760 Oaesar
1087 1695 1178 1759 valde
1207 1715 1240 1758 se
1271 1691 1394 1778 putabat
1447 1711 1448 1714 ¹

256 1805 403 1879 beatum,
436 1801 463 1864 si
493 1819 679 1882 quocunque
701 1799 794 1863 modo
816 1799 999 1883 pontificem
1021 1800 1151 1866 haberet
1174 1821 1238 1864 nen
1263 1819 1393 1864 aversum
1446 1823 1448 1828 ’

254 1929 315 1975 nee
336 1905 491 1983 alienum,
514 1909 551 1968 ut
573 1925 609 1968 eo
632 1925 665 1969 se
688 1905 882 1969 commodius
904 1909 1048 1970 tueretur
1070 1905 1217 1970 adversus
1239 1904 1343 1980 illum,
1364 1903 1393 1964 in
1448 1955 1449 1960 ,

257 2015 345 2099 cujus
367 2010 473 2077 odium
497 2009 564 2092 ipse
587 2013 701 2092 praeter
723 2031 847 2074 omnem
873 2011 1123 2095 expectationem
1147 2011 1186 2074 ad
1200 2031 1255 2074 eos
1270 2009 1394 2073 honores
1448 2061 1449 2066 ,

255 2117 460 2204 pervenisset.
506 2114 694 2197 Hujusmodi
724 2115 848 2179 technis
877 2117 910 2180 et
938 2115 988 2179 his
1010 2113 1132 2180 artibus
1154 2119 1308 2199 perpetuo
1328 2115 1394 2176 sunt

256 2223 317 2301 usi,
340 2222 442 2306 quoad
458 2219 628 2304 perdomiti
643 2225 748 2284 esseut
763 2219 908 2299 Caesares,
925 2242 1026 2306 neque
1041 2225 1170 2306 manate
1182 2217 1394 2305 jusjurandum

254 2327 336 2394 illud
358 2327 563 2410 susciperent.
584 2329 590 2409 Ι
775 2327 778 2336 ⁴
1039 2343 1042 2351 ·

350 2431 435 2498 Hinc
449 2432 526 2496 adeo
541 2429 589 2510 fir,
613 2431 694 2515 quod
711 2431 864 2516 scriplum
879 2431 1075 2516 reliquerunt
1089 2431 1122 2494 in
1140 2431 1204 2494 suis
1218 2449 1393 2494 monumen·

258 2539 309 2621 tis,
327 2539 442 2605 habere
458 2537 584 2620 quidem
601 2534 778 2600 Germamiae
792 2536 951 2621 principes
974 2535 1194 2601 auctoritatem
1217 2530 1394 2620 designandi
1449 2559 1450 2576 r

820 2641 840 2680 ss

256 2733 322 2798 und
343 2729 543 2816 Sigismund,
572 2729 632 2792 den
654 2725 714 2792 Eid
736 2728 855 2814 gethem
878 2729 1001 2807 haben,
1036 2729 1142 2792 istos
1165 2727 1249 2790 allen
1273 2723 1394 2790 uweiffel

2 2859 4 2890 l
121 2901 123 2906 ,
256 2835 442 2911 beschebeu,
466 2853 537 2898 aum
560 2833 626 2911 teil,
648 2855 706 2897 aus
729 2833 918 2898 vermcinter
940 2834 1097 2911 devotion,
1120 2855 1191 2896 aum
1214 2833 1282 2910 teil,
1304 2829 1393 2894 durch

254 2939 318 3006 des
333 2939 448 3005 Babsls
471 2935 741 3023 gesehiolrliglreit.
788 2936 880 3002 Danu
903 2959 950 3002 wo
973 2937 1040 3002 sich
1062 2938 1117 3002 der
1138 2936 1270 3002 erwdlte
1292 2935 1393 3000 Keiser

254 3049 394 3131 wegerte
416 3041 475 3107 den
499 3040 558 3105 llid
580 3045 618 3107 ru
640 3041 739 3121 thum,
770 3065 804 3107 so
826 3042 911 3108 bleib
934 3064 968 3108 er
991 3065 1060 3108 vom
1085 3042 1157 3126 [34]
1180 3041 1283 3106 Babst
1304 3059 1393 3125 unge·

256 3151 371 3216 hrdnet
392 3147 462 3214 und·
481 3147 688 3232 uubestiitigt.
722 3146 874 3213 Beharret
891 3171 926 3214 er
939 3149 1002 3213 dan
1017 3150 1052 3213 in
1068 3150 1203 3214 salchem
1221 3169 1392 3222 vormersen,

255 3277 291 3322 so
312 3253 493 3339 practiciert
515 3253 569 3316 der
592 3251 692 3316 Bahst
714 3253 765 3317 bei
794 3254 854 3318 den
877 3249 1108 3332 Ohuridrsteu,
1137 3254 1231 3318 einen
1266 3255 1392 3317 anderen

252 3363 292 3426 all
315 3360 426 3424 utilem.
471 3356 513 3423 So
536 3357 651 3421 kondts
674 3358 717 3421 im
741 3359 792 3423 nit
813 3361 874 3424 wol
896 3359 992 3438 ffilen,
1015 3361 1131 3437 vorab,
1164 3359 1257 3424 dweil
1288 3361 1337 3423 die
1356 3356 1393 3436 iij.

254 3467 394 3549 penante
415 3461 580 3547 geistliche
602 3458 821 3542 chunorum,
845 3465 906 3528 mit
927 3466 982 3542 im,
1006 3466 1053 3529 als
1076 3465 1137 3528 mit
1160 3466 1239 3528 irem
1259 3465 1392 3528 christon

255 3567 412 3646 Prolatos,
436 3566 625 3651 gerneinlich
646 3566 838 3647 stimmeteu,
862 3591 895 3633 es
917 3570 1019 3633 wurdt
1040 3570 1092 3634 cin
1115 3570 1212 3634 under
1235 3569 1391 3653 gewbhlet,

254 3673 314 3740 wie
336 3673 397 3736 dan
419 3671 479 3736 offt
502 3669 675 3756 geschehen
699 3672 760 3751 ist,
796 3673 850 3738 der
873 3695 933 3736 nur
956 3673 1005 3737 fro
1034 3695 1118 3751 war,
1152 3673 1253 3736 demit
1276 3695 1310 3736 er
1329 3691 1392 3733 vom

255 3775 356 3862 Bapst
386 3797 583 3858 angenomen
618 3777 694 3842 und*
710 3777 881 3862 bsstetiget
909 3778 1034 3855 wlirde,
1069 3777 1150 3842 auch
1182 3799 1286 3861 gegen
1317 3777 1391 3840 seins
1448 3827 1450 3836 ,

253 3882 435 3964 widerpart,
459 3882 518 3946 deu
542 3880 778 3965 rorgewbhltcn
798 3881 911 3946 Keiser
931 3882 1081 3946 bestehen
1106 3883 1229 3959 m'ocht,
1259 3885 1316 3946 rleu
1338 3879 1391 3944 llid

161 4069 165 4076 ι
249 3992 292 4053 ml
314 3986 405 4051 thum.
449 3985 545 4050 Disen
568 3986 684 4050 handel
706 3986 763 4050 hat
785 4009 820 4050 er
842 4008 877 4051 so
899 3987 977 4072 lang
998 3988 1063 4051 und
1086 4008 1121 4050 so
1145 3987 1322 4051 beharrlich
1341 4006 1391 4068 ge·

253 4091 369 4169 triben,
393 4091 442 4155 bis
465 4113 499 4155 er
520 4091 565 4154 sic
588 4113 659 4155 zum
682 4090 796 4155 letsten
819 4113 886 4155 aum
910 4091 1074 4177 gemacht,
1096 4093 1162 4155 und
1185 4095 1246 4158 den
1269 4092 1333 4168 Elid,
1352 4109 1391 4152 on

254 4196 316 4264 alle
338 4196 517 4275 widerrede,
539 4200 577 4261 uh
599 4195 779 4280 bewilligen
802 4191 1017 4281 gedemirtigct
1038 4196 1103 4260 hat.

253 4296 362 4364 Daher
385 4299 465 4364 auch
487 4302 602 4365 hornen
626 4301 687 4379 ist,
719 4300 774 4365 das
797 4322 831 4366 er
852 4301 888 4364 in
909 4302 1017 4366 seiuen
1041 4301 1229 4366 Decretalen
1251 4297 1389 4373 schreibt,

254 4425 288 4474 as
309 4405 354 4470 esi
375 4406 436 4471 wol
459 4427 542 4486 war,
571 4405 631 4470 'dos
661 4406 711 4470 die
731 4400 942 4472 churftrsten
963 4405 1059 4470 einen
1081 4404 1193 4470 Keiser
1214 4411 1253 4473 ad
1274 4403 1388 4470 wbhlen
