2902 4996
595 310 654 372 145

61 481 103 564 qui
121 481 188 565 jam
211 481 437 548 indoluerunt
460 481 500 546 ab
527 481 604 548 orbe
633 479 779 558 condito,
809 480 905 566 longe
935 481 1195 564 crudelissimum,

60 586 182 668 quinos
204 587 347 664 miseros,
371 587 405 650 in
428 589 611 664 extremam¹
625 584 809 650 servitutem
833 585 985 664 redactos,
1010 608 1075 654 non
1093 588 1197 654 solum

59 713 111 756 non
141 692 282 776 respexit
312 690 450 756 humane
482 712 584 774 neque
618 711 657 756 ex
686 689 750 754 illis
781 694 848 754 tam
877 691 981 756 densis
1005 696 1037 758 et
1058 692 1198 758 horridis

58 796 233 878 opinionum
256 796 396 860 tenebris
418 795 553 879 eripuit,
578 816 684 859 verum
712 794 819 872 etiam,
844 798 881 862 ut
903 796 1004 880 magia
1027 795 1195 883 affligeret,

6 969 7 976 χ
58 900 85 964 in
103 923 169 966 rem
193 905 336 966 nostram
357 899 548 964 familiarem
570 901 602 964 et
625 898 768 978 arculas,
804 898 890 964 volut
922 899 955 964 in
987 899 1140 966 medullas
1163 904 1195 966 et

6 1005 7 1084 f
57 1027 124 1084 ossa,
148 1006 299 1090 pervasit.
347 1003 440 1070 Certo
463 1003 668 1068 statuendum
690 1009 738 1068 est
759 1003 869 1089 igitur,
892 1003 989 1068 fuisse
1011 1002 1114 1070 Deum
1136 1004 1196 1072 hoc

6 1139 8 1148 r
57 1133 109 1175 unc
138 1110 256 1176 scelere
285 1109 487 1176 vehementer
516 1107 671 1172 offensum
704 1110 737 1171 et
767 1081 1060 1192 ir[hliij]ritatum‚
1096 1132 1198 1194 neque

6 1231 7 1280 ξ
55 1216 283 1298 permissurum,
307 1219 344 1280 ut
367 1213 416 1278 hie
439 1213 626 1298 gigantibus
649 1212 682 1276 id
704 1212 834 1295 impune
856 1213 990 1280 licuerit.
1025 1213 1092 1280 Nec
1110 1216 1196 1280 enim

6 1317 8 1344 '
56 1320 117 1384 ullis
140 1341 284 1403 unquam
306 1318 503 1401 temporibus
537 1317 618 1382 ferro
649 1317 755 1401 potuit
785 1316 942 1382 idolorum
965 1318 1077 1384 cultus.
1125 1319 1196 1386 Foe·

5 1467 7 1512 p
56 1424 163 1490 diorem
188 1428 296 1488 autem
318 1427 349 1488 et
373 1421 594 1488 immaniorem
618 1420 830 1486 idololatriam
853 1443 941 1486 mens
957 1419 1097 1488 humana
1112 1446 1196 1490 com·

5 1583 7 1610 ᾗ
56 1529 241 1612 prehendere
263 1549 327 1592 non
351 1532 464 1610 potest.
510 1524 604 1590 Illam
628 1525 728 1610 igitur
759 1525 846 1590 ultus
875 1533 924 1590 est
955 1528 1101 1607 tandem,
1134 1551 1196 1613 quo

56 1635 186 1717 primum
209 1638 350 1716 temporo
365 1631 436 1710 tibi,
461 1628 581 1707 carole,
605 1628 762 1696 Caesareus
777 1630 877 1695 honos
892 1630 1017 1696 oblatus
1033 1638 1096 1710 est3
1119 1636 1196 1698 tunc

5 1785 7 1824 Ξ
56 1739 169 1804 demum
195 1739 234 1802 ad
257 1736 430 1802 vindictam
461 1735 522 1800 eibi
545 1735 727 1818 depoposcit
749 1735 962 1800 &versarium
985 1759 1076 1802 suurn
1100 1737 1195 1818 Deus,

55 1866 179 1926 eumque
201 1865 259 1908 sua
281 1843 401 1908 invicta
423 1863 519 1906 manu
542 1840 588 1904 sic
610 1840 810 1919 constrinxit,
833 1845 869 1905 ut
892 1841 975 1906 elabi
998 1865 1061 1907 uon
1084 1844 1193 1927 possit.

133 1947 314 2014 Gubernari
347 1951 452 2012 autem
475 1943 582 2010 aDeo
611 1946 775 2030 negotium
804 1945 910 2025 istud,
943 1948 1045 2012 multo
1080 1948 1196 2014 clarius

5 2137 6 2140 Ἴ
55 2075 128 2119 nunc
157 2051 257 2118 videri
278 2054 385 2136 potest
406 2072 501 2134 quam
523 2053 626 2128 antea,
649 2054 780 2134 propter
803 2071 859 2127 ea,
894 2072 963 2134 quae
993 2052 1139 2120 novimus
1161 2054 1196 2118 in

5 2161 6 2174 ³
56 2159 130 2224 hanc
152 2180 280 2224 causam
296 2155 465 2240 'incidisset

55 2263 187 2330 Maxima
210 2262 413 2328 contentione
435 2259 573 2343 totisque
589 2258 710 2322 viribus
726 2257 901 2324 doctrinam
929 2259 1011 2326 hanc
1035 2261 1197 2331 Romanus

54 2369 190 2455 pontifex
213 2371 253 2434 ab
275 2367 369 2432 initio
392 2365 502 2430 statim
525 2364 750 2449 oppugnabat,
782 2364 857 2447 quie
890 2366 1084 2448 previdebat
1107 2369 1196 2434 lucu·

617 2487 633 2526 a

6 2642 13 2657 ,
54 2601 116 2644 mus
138 2600 214 2644 man
236 2575 428 2662 gedencken,
452 2575 517 2640 und
539 2574 700 2659 gewislich
724 2569 816 2640 dalbs
831 2574 950 2651 holten,
974 2578 1029 2641 das
1046 2576 1109 2642 Got
1123 2601 1195 2644 aum

54 2683 199 2750 hochsten
222 2682 377 2746 dardurch
400 2685 546 2744 cratirnet
567 2681 619 2758 ist,
643 2682 708 2745 und
724 2681 780 2746 das
795 2703 830 2746 er
846 2682 897 2746 die
911 2680 1061 2748 nrshcher
1076 2683 1197 2750 eolcher

54 2811 229 2874 grausemer
251 2787 316 2852 und
346 2785 612 2851 erschrecklicher
636 2786 881 2870 Abgotrereiem
914 2787 1099 2872 vervolgen‚
1132 2790 1198 2854 und

54 2898 88 2959 ab
109 2879 162 2977 [9]
181 2891 339 2958 schenden
362 2890 494 2956 macheu
518 2891 600 2967 wint,
625 2891 684 2955 wie
707 2913 741 2954 er
764 2891 850 2956 daun
873 2892 965 2956 alzeit
987 2892 1106 2976 gethon
1130 2894 1196 2972 hat,
1231 2976 1232 2980 Ἰ

55 2999 104 3062 des
130 2999 179 3064 die
202 2996 363 3062 Biblische
392 2995 576 3073 eohrifften‚
608 2999 704 3080 grite,
738 2997 890 3081 gemisse,
925 2996 990 3060 und
1021 3001 1198 3083 gnhgsame

55 3103 175 3188 zeugnis
199 3103 309 3188 geben.
348 3101 497 3167 Grdssere
520 3099 718 3188 Abgbttercy
742 3102 827 3166 dann
850 3102 900 3165 die
922 3101 1108 3186 obgemelte‚
1131 3104 1195 3168 han

56 3207 241 3272 menschlich
264 3205 428 3272 verstendt
450 3205 501 3268 nit
523 3205 706 3290 begreiffem
731 3206 786 3270 das
808 3207 850 3270 ist
866 3206 1107 3272 unverncinlich
1122 3230 1196 3272 war.

56 3308 95 3374 So
115 3311 175 3376 han
199 3334 272 3374 man
304 3309 385 3375 auch
413 3310 525 3374 andere
554 3311 605 3374 nit
638 3313 814 3387 erwartcn‚
849 3311 934 3376 dann
965 3312 1021 3376 das
1044 3311 1107 3377 Gor
1138 3314 1198 3378 mit

58 3415 150 3480 einem
172 3438 303 3500 grosseu
326 3417 446 3480 donner
469 3416 563 3482 darnb
579 3414 728 3500 schlagen
745 3416 828 3494 wirt,
852 3415 894 3479 lle
909 3417 1018 3498 hauja
1035 3417 1086 3480 nit
1100 3417 1197 3496 talen,

59 3519 134 3584 dann
148 3521 241 3586 heine
256 3520 443 3605 Abgdttcrei
466 3541 541 3605 mag
564 3543 597 3584 er
613 3520 739 3599 duldom
763 3521 835 3586 hats
852 3520 932 3586 auch
948 3543 1019 3584 zum
1042 3520 1196 3586 hbchsten

59 3625 222 3690 verbotten.
268 3623 310 3690 So
326 3621 389 3690 hat
412 3625 495 3690 siche
517 3626 603 3690 eben*
620 3626 671 3690 bei
693 3647 788 3690 unser
810 3627 890 3703 acit,
922 3627 988 3690 und
1017 3627 1067 3690 bei
1090 3626 1126 3692 Ε.
1152 3627 1195 3690 Μ.

59 3727 258 3794 kaiserthums
281 3729 402 3814 anfang
424 3733 636 3814 ahgetragen‚
673 3731 727 3795 dae
751 3731 814 3795 Gct
844 3731 952 3794 seinen
985 3730 1062 3794 eifer
1094 3751 1196 3815 gegen

60 3833 165 3898 seinem
189 3833 379 3919 widerstger
401 3836 546 3919 eraeiget‚
570 3837 635 3900 und
658 3837 718 3901 den
741 3837 849 3901 selben
871 3837 1030 3920 angriffen
1053 3836 1118 3900 hat.

62 3933 124 4002 Und
145 3941 199 4004 das
222 3939 383 4031 esGottes
407 3941 520 4004 handel
544 3941 599 4018 sei,
623 3941 686 4005 han
708 3940 777 4007 sich
800 3941 835 4005 ll.
854 3943 896 4006 Μ.
922 3942 982 4005 ietz
1004 3940 1109 4024 gleich
1133 3940 1197 4018 bas,

62 4044 151 4108 weder
171 4065 228 4110 vor
251 4043 389 4108 etlichen
407 4044 508 4126 jaren,
532 4066 588 4108 aus
606 4045 665 4109 den
681 4045 884 4129 geschichten
900 4045 964 4108 und
981 4042 1197 4127 adgefallenen

63 4146 176 4234 dingen,
199 4150 366 4215 berichten
389 4150 453 4214 und
477 4149 655 4215 erinneren.

138 4252 179 4318 Fe
201 4255 258 4318 hat
281 4253 349 4318 sich
371 4254 427 4317 der
449 4252 548 4336 Bapst
579 4253 662 4318 diser
696 4254 760 4318 lere
789 4274 848 4338 gar
870 4252 1021 4317 ernstlich
1044 4253 1198 4338 widange-

64 4359 156 4424 setaet.
200 4359 355 4424 Warumb
378 4358 477 4424 aber?
505 4358 559 4422 das
582 4359 646 4423 han
670 4381 703 4424 er
725 4359 786 4422 ieta
809 4357 891 4422 selba
914 4357 1043 4434 nissen,
1068 4356 1119 4422 Sic
1142 4359 1198 4426 hat

109 4473 226 4520 ueram.
957 4461 989 4516 10
