2902 4996
809 353 872 418 120

265 531 371 608 turba,
395 529 447 594 sed
470 532 504 594 et
525 527 615 606 illud,
637 531 674 592 nt
697 527 905 594 excludantur
928 551 944 592 e
967 529 1083 594 scholis
1098 529 1224 595 Erasini
1239 527 1398 614 Colloquia,

266 658 368 719 neque
391 634 550 699 iuventuti
573 633 778 718 permittatur
801 655 910 697 eorum
932 634 1034 699 lectio.
1083 636 1164 712 Quid
1194 657 1284 714 vero,
1310 655 1399 708 nonne

264 740 453 826 praeclarum
477 738 560 804 istud
585 742 632 803 est
655 738 915 823 auspicatumque
937 741 1154 824 prooemium?
1271 743 1273 748 ’
1438 811 1439 838 ¹

350 845 393 910 Et
417 845 483 909 haec
505 844 631 928 quidem
653 847 720 908 tam
742 865 807 907 non
830 843 919 929 parvi
950 845 1119 922 momenti,
1155 867 1228 924 vos,
1261 849 1294 909 et
1314 867 1398 922 senes,
1438 905 1439 908 ,

264 955 296 1017 et
319 951 403 1016 docti
426 950 581 1027 homines,
605 971 623 1014 a
645 971 769 1014 summo
792 951 941 1035 pontifice
964 951 1093 1028 delecti,
1120 951 1343 1029 constituistiS,
1374 955 1399 1014 et

265 1055 475 1122 constituistis
496 1059 701 1139 posteaquam
724 1054 779 1118 illc
801 1077 856 1119 vos
874 1056 1079 1140 jurejurando
1102 1056 1347 1134 constrinxerat,
1368 1075 1400 1118 ne

265 1161 341 1247 quid
374 1160 504 1225 omnino
538 1158 779 1223 dissimularetis
813 1181 919 1223 eorum
955 1160 1115 1241 omnium,
1154 1183 1224 1244 quae
1256 1160 1357 1237 vobis,
1386 1183 1401 1223 a

264 1267 366 1331 multa
388 1269 420 1329 εὴ
442 1263 533 1349 gravi
556 1263 798 1341 consultatione,
822 1264 1011 1329 viderentur·
1027 1286 1093 1328 esse
1115 1265 1291 1329 necessario
1307 1285 1398 1329 emcn-

265 1371 376 1436 danda.
430 1368 509 1433 Post
541 1367 624 1432 hanc
657 1372 794 1434 vestram
829 1369 906 1433 adeo
940 1370 1110 1434 salutarem
1140 1374 1173 1436 et
1203 1370 1349 1435 doctrina
1375 1373 1400 1432 et
1439 1443 1440 1450 ἵ

265 1475 439 1559 disciplinae
454 1474 671 1540 ecelesiastica
687 1478 718 1537 et
733 1494 858 1539 morum
874 1475 1109 1552 correctionem,
1132 1474 1225 1540 factae
1240 1478 1315 1539 sunt
1329 1475 1400 1537 inter
1439 1455 1440 1530 Ῑ

265 1581 419 1647 Caesarem
443 1583 475 1644 et
497 1578 610 1644 Galliae
632 1599 749 1663 regem,
773 1578 856 1662 apud
879 1577 1030 1657 Nicaeam,
1055 1579 1161 1644 decern
1183 1600 1336 1644 annorum
1356 1579 1399 1641 in-

265 1687 371 1764 dutiae,
396 1707 457 1770 quo
479 1688 630 1768 tempore,
655 1705 726 1748 oum
750 1683 945 1764 crederetur,
975 1684 1055 1748 illud
1077 1707 1096 1748 a
1117 1684 1208 1749 robis
1231 1684 1400 1749 inchoatum

267 1791 435 1857 concilium
468 1811 559 1874 posse
600 1789 709 1872 perfici
741 1792 871 1872 propter
901 1790 1190 1855 reconciliationem
1222 1790 1398 1874 principum,

266 1919 335 1963 ecce
358 1917 510 1980 magnum
533 1899 564 1958 et
581 1882 784 1978 ¹insperatum
807 1894 980 1960 silentium.
1027 1895 1175 1960 Pontifex
1194 1896 1307 1990 enim,
1339 1899 1399 1958 tan·

265 2025 361 2088 quam
383 2002 469 2086 pacis
493 2004 525 2065 εὴ
539 1999 735 2064 indutiarum
751 2003 870 2079 auctor,
894 2000 1030 2065 Romam
1045 2001 1247 2084 triumphans
1263 2001 1398 2076 invectus,

265 2107 425 2173 continuit
446 2127 489 2183 se,
513 2127 630 2189 perque
653 2109 757 2169 totum
781 2106 1040 2189 quadriennium,
1073 2106 1107 2169 in
1130 2105 1287 2170 altissima
1309 2105 1398 2189 quiete

265 2217 298 2278 et
320 2214 405 2290 otio,
440 2213 477 2276 de
500 2211 632 2275 concilio
664 2233 704 2275 ne
726 2210 857 2276 verbum
888 2211 1015 2294 quidem
1046 2233 1144 2275 unum
1179 2211 1322 2296 publice,
1354 2209 1398 2272 sed

265 2339 373 2384 recens
405 2321 479 2382 ante
508 2316 692 2393 biennium,
727 2320 821 2380 eunte
852 2315 950 2400 [liiij]
984 2315 1107 2401 magnis
1130 2316 1251 2382 viribus
1274 2317 1307 2379 in
1329 2315 1397 2378 rur-

266 2447 334 2490 cam
358 2422 544 2500 Germania,
577 2425 734 2486 crescente
762 2420 830 2504 jam
852 2426 884 2485 et
910 2444 973 2486 non
1001 2422 1102 2486 multo
1129 2424 1203 2505 post
1232 2422 1399 2504 erumpente

264 2553 346 2595 novo
368 2530 452 2595 bello
474 2529 559 2592 inter
581 2526 733 2592 Caesarem
758 2525 931 2612 Galliaeque
954 2549 1079 2614 regem,
1115 2529 1217 2592 denuo
1247 2526 1399 2592 concilium
1441 2567 1442 2602 3

830 2667 848 2707 ’t‘

267 2775 339 2860 [70]
364 2779 492 2861 excepte
507 2797 567 2860 que
582 2775 698 2840 devant
714 2775 794 2839 deux
810 2797 867 2838 ans
884 2775 1114 2840 dernierement
1129 2797 1246 2858 passez,
1272 2769 1399 2838 derechef

265 2879 290 2944 il
313 2879 485 2966 assignate
501 2879 627 2945 Concita
643 2883 662 2943 a
677 2878 805 2956 Trente,
829 2901 869 2943 au
891 2882 994 2962 temps
1016 2901 1077 2963 quc
1099 2877 1299 2965 l'Alemagne
1319 2877 1395 2942 alloit

266 3006 416 3074 avecques
439 2986 575 3071 grandes
598 2984 698 3049 forces
721 2987 740 3047 a
763 2983 934 3049 l’encontre
949 2985 992 3050 du
1009 2985 1106 3050 Ture:
1130 2989 1163 3049 et
1179 3007 1240 3069 que
1255 2984 1286 3050 la
1300 3003 1396 3070 guerre

265 3090 486 3155 s'enfiammoit
508 3091 545 3155 de
567 3111 710 3154 nouveau
733 3093 822 3153 entre
840 3087 1037 3173 l’Empereur
1052 3092 1083 3153 et
1098 3090 1128 3154 le
1144 3089 1214 3176 Roy
1230 3091 1268 3156 de
1282 3089 1393 3154 itance.

831 3225 849 3266 ὴ

268 3334 363 3417 [188]
387 3333 466 3399 Pero
488 3355 587 3418 agorn
606 3332 645 3398 dc
667 3355 769 3398 nuero
785 3355 861 3398 aura
874 3355 953 3417 poco
965 3355 1032 3398 mas
1048 3333 1086 3398 de
1102 3334 1157 3399 dos
1173 3342 1260 3413 anos,
1284 3331 1395 3400 estando

264 3440 340 3504 toda
362 3439 529 3505 Alemania
550 3461 588 3504 en
613 3460 716 3505 armas
740 3443 851 3504 contra
873 3438 902 3502 el
925 3437 1038 3516 Turco,
1062 3439 1225 3522 creciendo
1248 3462 1306 3524 ya,
1328 3455 1395 3521 yno

265 3544 379 3610 mucho
402 3544 532 3629 despuas
554 3543 789 3628 rompiendosse
812 3565 914 3609 nueva
937 3565 1052 3628 guerra
1073 3551 1162 3610 entre
1178 3545 1208 3609 el
1223 3540 1395 3628 Emperador

264 3651 339 3735 yel
361 3673 417 3737 rey
440 3651 478 3717 de
497 3650 650 3728 Francia,
684 3650 724 3715 he
747 3672 781 3714 os
806 3651 835 3714 lo
858 3650 932 3733 aqui
961 3650 1063 3714 donde
1094 3671 1231 3715 convoca
1262 3652 1328 3714 otra
1354 3664 1395 3707 ven

831 3786 850 3828 ss

265 3916 348 3979 mag.
394 3893 501 3958 Wenn
525 3893 576 3956 ihr
598 3893 694 3958 allein
726 3894 780 3956 das
811 3894 937 3958 wtirtlin
962 3893 1181 3958 Reformation
1214 3894 1342 3969 hiirent,
1368 3907 1393 3949 so

265 3993 457 4081 dberkompt
478 3997 530 4062 ihr
553 3998 720 4084 gewisslich
743 3998 795 4062 ein
817 3997 922 4076 feber,
947 4021 980 4063 es
1002 3998 1097 4084 gehet
1120 3998 1199 4064 euch
1223 3999 1271 4062 nit
1293 3995 1345 4062 wo]
1363 3993 1391 4054 rt

265 4104 380 4180 ohren,
403 4102 468 4166 und
491 4103 665 4188 gedencket
688 4103 870 4180 onzweifel,
902 4102 969 4168 Hat
991 4127 1065 4168 man
1088 4115 1144 4168 vor'
1167 4104 1304 4168 hundert
1321 4101 1391 4184 jarer

264 4209 325 4292 bey
347 4207 458 4272 Keiser
479 4207 655 4293 Sigmund,
688 4231 748 4273 uns
782 4209 894 4274 wollen
924 4209 1124 4274 Reformircn
1156 4210 1222 4273 und
1255 4207 1389 4273 meistern,

265 4333 329 4375 was
352 4312 450 4375 sollen
474 4311 532 4376 wir
553 4316 625 4396 yetz
648 4312 707 4377 wol
731 4308 857 4378 missen
880 4316 1062 4379 erwarten‘?
1107 4312 1149 4377 us
1172 4314 1215 4378 ist
1238 4313 1349 4386 besser,
1367 4323 1389 4366 <a

266 4415 351 4480 bleib
373 4416 449 4495 also,
472 4417 531 4482 wie
552 4417 606 4484 bit
629 4416 773 4502 anher.†
