2902 4996
571 389 630 452 163

60 566 114 631 inda
124 564 317 649 proficisceris
329 566 472 628 motuum
485 562 751 647 dissidiorumque
766 561 1053 646 componendorum
1068 587 1172 646 causa,

60 671 196 754 diligenter
216 675 248 735 et
271 670 351 734 serio
374 669 523 734 mandare
545 668 626 734 soles
650 690 704 754 per
728 670 798 732 tuas
822 667 960 734 dioiones
983 691 1109 750 omues,
1136 675 1173 736 ut

13 713 17 828 l
58 775 80 838 in
98 797 148 853 eos,
170 775 221 859 qui
245 775 420 840 doctrinam
443 773 537 838 istam
560 773 742 838 ullomodo
765 772 832 836 sint
854 774 1008 858 amplexi,
1032 776 1173 860 graviter

13 833 19 957 l
57 878 303 946 animadvertatur.
349 877 417 943 Hoc
440 878 467 942 si
489 877 568 942 facis
591 899 627 942 eo
651 877 798 955 consilio,
825 877 948 956 Gaesar,
981 883 1018 942 ut
1041 880 1172 959 interea,

13 969 18 1024 ¹
57 984 111 1048 dum
130 985 160 1048 in
181 987 308 1052 comitio
332 1006 381 1050 res
404 984 521 1070 agitur,
545 983 628 1048 nihil
645 983 696 1048 illi
711 986 836 1048 mutent
852 987 907 1048 aut
923 983 1084 1063 innovent,
1107 986 1173 1069 jam

14 1081 18 1161 l
56 1093 117 1153 certe
136 1112 255 1156 cansam
277 1090 385 1168 habas,
409 1097 445 1154 ut
466 1088 547 1154 illud
563 1093 653 1154 tuum
668 1091 868 1173 perpetuum,
891 1091 923 1152 et
938 1089 1022 1170 quod
1037 1089 1173 1176 singulis

14 1187 17 1232 l'
55 1195 123 1258 annis
142 1195 305 1280 aliquoties
328 1195 484 1280 repetitur
506 1195 589 1278 apud
612 1199 702 1270 tuos,
724 1192 876 1271 edictum,
908 1193 936 1257 si
959 1216 1024 1259 uon
1047 1195 1172 1260 aboleas

14 1281 16 1370 l
54 1301 142 1376 lotum,
162 1301 273 1365 saltem
296 1300 397 1365 lenias
421 1304 453 1364 et
475 1299 625 1382 mitigas,
660 1302 759 1362 utne
782 1297 827 1362 sie
858 1296 1049 1380 accipiatur,
1082 1301 1172 1383 quasi

54 1403 114 1466 nihil
134 1405 260 1470 omnino
284 1405 359 1469 boni
391 1405 435 1469 sit
463 1405 497 1468 iu
529 1404 594 1468 illis
626 1402 702 1486 ipsis
732 1402 843 1480 libris,
877 1424 1013 1486 quorum
1043 1405 1173 1470 nomina

15 1512 19 1593 l
54 1509 122 1572 tuum
142 1509 217 1573 illud
241 1509 400 1574 decretum
423 1507 643 1592 complectitur
667 1510 698 1571 et
720 1508 859 1570 damnat.
889 1505 995 1572 Nimis
1012 1509 1097 1574 enim
1113 1510 1171 1574 du·

13 1617 16 1684 ³1
54 1632 105 1674 nnn
123 1614 226 1693 fuerit,
250 1615 278 1677 si
300 1635 364 1678 non
380 1613 506 1679 accedat
521 1613 623 1676 lenior
639 1611 875 1695 interpretati03
900 1634 1002 1696 neque
1017 1615 1174 1696 potuisset

52 1714 131 1796 initio,
152 1741 221 1784 cum
244 1720 428 1784 abhorreret
451 1718 554 1784 adhuc
574 1722 662 1782 totns
685 1717 788 1794 orbis,
812 1715 940 1802 gravius
963 1717 1131 1802 quicquam
1155 1741 1174 1784 a

51 1823 74 1882 te
90 1825 222 1907 proponi.
255 1823 358 1888 Debes
382 1829 489 1890 autem
511 1845 547 1888 eo
568 1822 626 1907 [Ο]
650 1823 752 1908 magis
768 1822 818 1886 vel
834 1822 958 1886 abolena
974 1823 1052 1887 illud
1069 1827 1172 1888 totum

15 1919 19 1965 ἓ
51 1923 85 1987 vel
102 1928 251 1992 moderari
274 1928 462 2013 prudenter,
491 1927 575 2011 quod
598 1926 632 1990 in
655 1925 721 1989 illis
743 1924 927 1992 Ratisbonta
958 1928 1094 1993 comitile
1126 1929 1174 1994 ita

16 2023 17 2028 ’
51 2031 177 2096 sancitum
200 2032 285 2110 fuit,
321 2038 357 2098 ut
388 2033 593 2116 magistratus
626 2032 660 2094 in
682 2051 739 2094 sna
761 2029 896 2114 quisque
918 2031 1041 2097 dicione
1065 2053 1171 2098 emen·

16 2217 17 2222 ἵ
49 2133 144 2214 darent,
167 2159 238 2222 quae
261 2139 329 2203 sine
352 2138 430 2202 vitio
452 2137 647 2203 dissimulari
670 2159 733 2200 nou
757 2140 899 2220 possunt.

50 2235 123 2306 Recta
143 2244 270 2326 quidem
293 2244 452 2308 decretum
474 2247 522 2308 cst
544 2242 634 2320 illud,
658 2241 711 2306 sed
726 2263 745 2303 o
761 2240 885 2306 utinam
900 2247 983 2306 recte
999 2243 1172 2328 accipiatur

16 2403 17 2406 ,
49 2341 75 2405 ab
91 2349 248 2414 omnibus!
294 2347 412 2414 Parum
434 2349 520 2412 enim
542 2352 590 2413 est
613 2345 780 2412 emendare
810 2367 930 2412 crassos
962 2349 1077 2413 abusus
1098 2350 1171 2416 illos

588 2469 605 2508 a

47 2555 173 2637 bellent,
205 2557 367 2643 ausgehen
398 2560 523 2635 lusson,
558 2559 623 2622 und
647 2557 701 2622 das
724 2557 802 2622 eben
825 2557 972 2635 nauscit,
996 2557 1042 2620 als
1065 2555 1101 2622 E.
1125 2556 1171 2622 M.

49 2656 84 2722 die
101 2662 232 2748 religion
250 2665 325 2730 sach
348 2663 391 2727 im
414 2663 512 2728 Rcioh
536 2666 574 2728 nli
597 2663 806 2747 vergleicben‚
830 2661 1012 2746 vergebabt.
1059 2660 1106 2726 Ist
1127 2683 1172 2726 nu

47 2765 125 2830 solcbs
143 2768 331 2847 besoheben‚
355 2769 455 2834 damit
470 2769 505 2833 El.
524 2769 567 2834 M.
585 2769 814 2844 underthoncn‚
838 2769 872 2832 in
895 2768 1001 2832 mitler
1024 2768 1085 2832 neit
1107 2768 1170 2832 und

45 2873 193 2936 uerendum
218 2873 400 2959 Reichstng‚
425 2874 518 2940 keine
540 2895 710 2960 newerung
733 2895 911 2952 mnemon,
935 2895 969 2938 so
992 2873 1050 2937 bat
1072 2872 1107 2936 E.
1125 2873 1169 2936 Μ.

13 2978 15 2982 ’
45 2971 107 3039 diser
126 2979 185 3042 neit
207 2977 268 3062 fug
291 2980 355 3044 und
378 2980 501 3058 urnach,
524 2980 616 3044 soloh¹
628 2978 760 3045 Mandat
775 2978 992 3055 auffnilheben‚
1016 2979 1081 3042 und
1103 2979 1171 3042 oin-

45 3079 142 3168 selnng
164 3085 275 3149 darein
299 3090 336 3151 nii
359 3086 450 3163 thau,
475 3087 574 3150 damit
597 3107 639 3164 es,
664 3108 711 3150 wo
726 3085 776 3149 nit
792 3106 850 3170 gar
865 3083 1036 3167 abgethon‚
1060 3081 1169 3146 iedooh

44 3203 96 3248 zum
115 3191 289 3273 wenigsten
321 3191 500 3276 galindert‚
534 3191 614 3256 anob
648 3191 698 3254 nit
728 3209 763 3254 so
796 3211 854 3274 gar
883 3189 933 3252 ins
955 3188 1079 3274 gumein
1102 3185 1167 3251 und

13 3329 14 3336 1
44 3294 210 3369 generaliter
233 3297 420 3360 varstandan
446 3297 557 3373 werde,
581 3297 627 3359 als
650 3297 690 3358 ob
715 3295 748 3358 iu
772 3295 826 3358 der
849 3297 984 3378 gantzen
1008 3293 1083 3370 lere,
1106 3291 1171 3355 und

44 3391 115 3458 deren
136 3397 278 3482 gelerten
303 3395 437 3477 bbeber,
461 3421 495 3463 so
518 3400 552 3463 in
574 3399 783 3484 obgemeltem
805 3397 841 3462 E.
867 3397 909 3460 Μ.
935 3397 1028 3462 Ediut
1050 3399 1171 3481 genunt

43 3501 154 3580 werden,
178 3503 271 3568 nichs
295 3502 482 3568 Christliohs
505 3502 588 3567 noch
610 3503 753 3567 leidlichs
777 3503 831 3566 sei.
864 3501 958 3566 Denn
980 3524 1012 3566 es
1036 3523 1117 3566 were
1137 3501 1172 3584 ja

43 3604 70 3666 zu
89 3606 140 3685 vil,
169 3631 258 3672 wens
281 3609 371 3674 dabei
403 3609 528 3674 bleiben
561 3603 684 3688 mirsia,
719 3608 784 3672 und
815 3629 878 3671 was
911 3607 966 3670 bet
988 3605 1024 3670 El
1048 3605 1090 3669 M.
1116 3628 1172 3670 vor

13 3750 14 3754 =
43 3724 79 3768 tx·
98 3710 180 3792 jeron
204 3713 370 3798 hefftigars
394 3720 509 3800 m'dgen
539 3716 698 3800 ausgehen
730 3715 859 3791 lassept
905 3711 959 3776 Nu
981 3712 1039 3776 soll
1064 3711 1099 3776 Ε.
1124 3711 1167 3774 Μ.

42 3808 196 3896 obgemelto
219 3817 352 3882 Mandat
373 3823 412 3884 ull
434 3819 593 3896 lindenau,
628 3820 715 3882 desto
746 3818 912 3904 geneigter
941 3817 1005 3880 und
1036 3816 1170 3901 fertiger

43 3915 109 3994 sein,
139 3922 233 3986 dweil
264 3923 344 3986 auch
372 3924 417 3986 im
438 3925 590 4008 jdngstcn
613 3925 666 3988 des
690 3923 804 3988 Reichs
828 3922 984 3987 Abscheitl
1017 3921 1172 4006 geordnet

42 4015 87 4098 ist,
106 4046 135 4088 es
156 4027 203 4090 sol
228 4028 299 4091 eine
321 4029 388 4092 indo
410 4028 563 4093 Oberlrait
583 4030 615 4093 in
641 4030 720 4096 irem
743 4029 871 4114 glutiet,
906 4026 956 4090 ein
980 4024 1170 4089 Christlicbe

43 4119 239 4197 Reformation
262 4134 428 4198 anriohten
451 4136 517 4199 und
543 4135 743 4200 handbaben.
764 4133 770 4220 Ι

111 4235 180 4318 [19]
203 4237 333 4302 Welchs
356 4261 413 4327 gar
437 4243 497 4304 wol
519 4241 629 4325 geredt
652 4241 714 4319 ist,
750 4241 826 4304 wolr
849 4239 923 4302 aber
946 4236 1028 4312 (iot,
1062 4234 1116 4298 das
1139 4255 1171 4296 es

41 4339 183 4415 grtnllich
206 4343 273 4406 und
296 4345 357 4408 wol
380 4345 569 4409 verstanden
591 4346 707 4408 wtirde.
757 4344 867 4419 Danu,
898 4343 952 4405 das
979 4362 1052 4403 man
1074 4339 1171 4402 allcin

41 4437 135 4507 attiche
156 4447 271 4530 probe,
297 4448 537 4533 ungcscbiokte‚
561 4449 628 4512 und
651 4449 810 4512 ioderman
834 4447 970 4511 bekante
993 4444 1171 4508 misbreuoh

905 4551 936 4604 ll
950 4550 963 4580 *
