2902 4996
568 371 627 434 115

31 542 194 607 indicerent
219 540 311 619 illud,
334 541 411 626 quid
434 541 524 626 ipse?
556 541 770 622 Fulminabat,
793 544 1019 628 proscribebat,
1044 567 1169 612 execra-

29 649 109 712 batur
130 669 200 726 eos,
226 650 259 711 et
281 647 423 712 omnium
446 647 560 731 praedae
582 648 773 732 exponebat,
804 671 905 732 neque
929 651 1043 716 desunt
1065 651 1168 732 hodie,

29 753 129 836 quibus
151 752 215 817 hoe
238 752 325 816 illius
349 753 535 816 mandatum
557 756 590 817 et
611 753 731 818 fulmen
756 775 873 838 magno
896 759 985 820 const
1006 761 1029 822 t.

103 856 136 922 Si
158 859 239 922 tuno
263 857 318 920 ille
341 857 423 921 ferre
453 878 517 921 non
550 857 655 940 potuit
689 858 849 943 legitimos
881 863 1074 941 conventus,
1107 885 1170 947 quo

27 966 157 1047 tempore
180 962 359 1027 doctrinam
383 961 449 1045 ejus
472 966 504 1026 et
527 962 714 1047 religionem
737 985 828 1028 nemo
858 963 1085 1048 impugnabat,
1116 968 1169 1032 sed

26 1067 76 1132 hoc
98 1068 202 1132 solum
226 1069 390 1153 agebatur,
415 1070 452 1130 ut
474 1067 574 1150 ipsius
598 1067 751 1134 immensa
774 1069 949 1152 rapacitas,
986 1077 1018 1134 et
1046 1073 1170 1138 animus
1252 1117 1254 1122 -

26 1174 165 1240 uindictae
189 1173 413 1257 cupidissimus
435 1177 645 1251 coerceretur,
670 1173 826 1257 quomodo
849 1174 891 1238 sit
914 1176 1093 1254 uerisimile,
1116 1199 1171 1242 vos

26 1279 169 1343 hodierno
193 1278 244 1342 die
265 1277 425 1342 subituros
445 1277 621 1359 judicium,
657 1278 782 1361 quando
805 1300 870 1342 non
893 1279 994 1344 solum
1018 1282 1093 1346 estis
1118 1305 1171 1348 ac·

24 1384 118 1446 333311
140 1383 180 1448 de
202 1381 270 1446 vite
292 1382 459 1466 plusquam
484 1379 659 1464 Epicurea,
695 1381 794 1466 deque
822 1385 1012 1467 tyrannide,
1047 1410 1170 1452 verum-

25 1489 113 1552 etiam
138 1487 178 1552 de
201 1486 314 1550 haeresi
338 1489 369 1550 et
397 1485 595 1563 idololatria,
628 1508 691 1569 que
714 1489 746 1550 et
769 1491 870 1552 totum
895 1489 1003 1554 orbem
1026 1496 1171 1558 nostrum
1206 1519 1210 1525 ·

24 1592 202 1676 polluistis,
235 1597 267 1655 31
289 1588 356 1654 Deo
390 1590 610 1674 gravissimam
643 1590 762 1656 fecistis
794 1595 1041 1660 contumeliam?
1087 1596 1171 1674 Quo-

25 1700 120 1776 modo,
144 1697 289 1780 inquam,
315 1696 514 1760 sustinebitis
534 1697 689 1779 judicium
706 1698 799 1776 istud,
824 1700 1081 1782 praeeertiuncum
1097 1702 1172 1766 sub-

27 1803 133 1865 sidium
161 1802 241 1865 illud
266 1805 403 1866 vestrum
428 1802 555 1865 unicum
579 1807 610 1865 et
640 1802 856 1866 firmissimum
890 1805 1078 1885 emiseritis,
1113 1791 1172 1872 hoc

29 1911 64 1971 est
85 1930 161 1972 cum
190 1907 383 1971 etribuneli
406 1928 460 1972 vos
490 1907 728 1972 deturbavenint
759 1909 929 1974 adversarii
959 1933 1060 1996 neque
1085 1913 1171 1995 judi-

25 2014 127 2078 candae
152 2013 220 2078 litis
244 2016 437 2096 potestatem
460 2013 548 2077 vobis
570 2013 784 2096 permittant?
830 2013 892 2079 Gur
915 2038 934 2080 a
955 2017 1064 2082 multis
1089 2039 1173 2082 nunc

23 2119 108 2182 annis
133 2117 286 2182 armastis
307 2137 398 2202 reges
421 2116 455 2180 in
478 2117 613 2200 proelia?
654 2115 726 2194 Gur,
751 2139 813 2201 quo
835 2123 978 2203 tempore
1001 2122 1171 2187 concilium

505 2264 511 2276 .
591 2239 608 2278 1

21 2329 80 2392 cilii
103 2328 243 2405 halben,
275 2327 461 2412 gewcrben,
493 2328 559 2392 und
581 2327 654 2392 aben
678 2326 727 2391 die
750 2327 942 2392 Monarchen
966 2330 1030 2394 und
1053 2328 1171 2396 Poten-

22 2438 106 2498 taten
133 2432 238 2498 selber
263 2432 430 2518 aufiengen
454 2433 522 2496 eius
544 2437 583 2498 ad
606 2432 725 2513 halben,
748 2455 812 2498 was
828 2434 898 2498 thet
912 2436 970 2498 311
999 2433 1174 2500 Scheuclnet

19 2539 57 2602 sie
80 2539 148 2604 alle
172 2537 244 2602 dem
262 2537 381 2616 Teufel,
408 2539 581 2603 verbannet
604 2539 658 2614 sie,
682 2539 746 2602 und
770 2540 833 2623 gab
855 2539 1023 2623 yedermen
1046 2542 1174 2624 gewelt,

17 2645 81 2708 auff
103 2645 163 2722 sie,
190 2642 258 2707 ihre
281 2643 355 2708 land
378 2645 443 2708 und
466 2645 534 2708 leut
556 2649 594 2710 311
616 2644 759 2728 greiffen,
788 2645 852 2710 und
875 2644 966 2708 leben
989 2644 1071 2708 noch
1095 2644 1173 2709 heu·

17 2750 77 2833 ligs
102 2753 182 2834 tags
206 2746 330 2826 etliche,
355 2747 405 2814 die
427 2772 487 2813 von
512 2771 621 2835 wegen
637 2749 832 2834 obgemeldts
849 2749 1005 2828 Mandata,
1028 2749 1174 2816 huchlich

16 2853 209 2939 beschadigt
231 2853 330 2918 seind.
362 2854 429 2918 Het
451 2877 484 2919 31
507 2855 581 2918 aber
606 2855 660 2919 das
684 2855 747 2918 mal
770 2853 844 2920 hein
862 2853 1036 2919 Concilium
1061 2861 1174 2940 mbgen

14 2959 140 3036 leiden,
176 2957 218 3022 da
247 2981 320 3022 1333
344 2959 387 3022 im
411 2983 452 3024 an
476 2961 578 3024 seiner
601 2961 666 3024 lere
688 2960 752 3024 und
776 2959 924 3045 Religion
948 2959 1053 3024 3131113
1075 2960 1174 3024 refor-

13 3065 131 3142 miren,
156 3064 273 3128 souder
297 3065 393 3128 311313
416 3068 535 3130 3313331
559 3061 736 3144 1111133133,
760 3063 970 3150 kriegischen,
995 3065 1093 3128 tollen
1116 3088 1174 3129 on-

11 3170 170 3254 sinuigen
195 3163 315 3252 gemit,
339 3169 409 3232 eine
425 3171 432 3204 ¹
454 3169 573 3234 sichere
589 3191 671 3232 maes
688 3174 791 3232 3313311
809 3169 893 3245 11311,
919 3169 975 3233 1113
991 3170 1048 3233 1313
1064 3171 1175 3254 gleub-

8 3275 90 3352 lich,
116 3275 175 3338 das
200 3273 244 3336 irs
267 3274 393 3357 heutigs
417 3279 500 3360 dags,
524 3276 563 3338 da
582 3276 610 3338 ir
625 3275 675 3338 nit
690 3274 861 3356 al[7d]leiu
877 3296 938 3339 133
954 3296 1062 3359 wegen
1079 3297 1175 3340 ewers

10 3380 219 3444 onsauberen
243 3377 473 3462 Epicurischen
498 3362 619 3456 lebeus,
652 3380 765 3444 sonder
787 3379 868 3444 aucln
889 3379 943 3442 der
966 3379 1106 3444 falsoheu
1130 3381 1176 3444 len·

8 3487 77 3550 und
106 3483 271 3568 Religion,
296 3485 452 3550 dardurch
475 3485 504 3550 ir
527 3486 576 3548 die
592 3489 706 3570 gantae
722 3485 796 3547 welt
811 3484 985 3562 verderbet,
1009 3485 1073 3548 und
1085 3483 1176 3548 Getis

6 3591 69 3655 ehr
96 3593 173 3654 zum
197 3589 349 3654 hdchsten
373 3591 594 3674 gesehmthet,
625 3591 701 3654 item
725 3612 806 3654 ewen
828 3588 1005 3674 vilfeltigen
1029 3589 1092 3652 und
1117 3611 1175 3653 on·
1307 3602 1310 3607 '

5 3694 299 3780 aussprechlichen
324 3700 482 3781 tyranney
505 3697 631 3774 halben,
655 3695 758 3778 heftig
781 3695 965 3781 angelnlagt,
989 3696 1052 3758 und
1076 3697 1111 3758 inn
1127 3696 1176 3758 die

4 3802 91 3865 welt
119 3799 341 3884 aullgebneitet
363 3801 471 3879 seind,
496 3801 611 3864 sallent
632 3806 746 3884 mbgeu
770 3801 929 3879 milassen,
954 3801 1068 3877 varab,
1092 3822 1126 3863 so
1149 3800 1177 3862 ir

4 3907 66 3970 dae
95 3904 299 3989 tyrannisch,
323 3905 386 3968 und
411 3905 491 3970 euch
514 3906 680 3970 falsclnlioh
702 3911 884 3993 augemasst
904 3903 1016 3968 vorteil
1033 3903 1176 3986 (Richter

5 4011 39 4074 'n
68 4009 193 4086 aldem,
217 4010 283 4072 und
307 4004 383 4074 inber
407 4010 483 4074 alles
507 4013 545 4076 ab
568 4011 649 4096 sein)
672 4013 814 4078 13113133
838 4009 979 4074 habeut?
1023 4008 1091 4072 Aus
1114 4031 1176 4072 was

7 4117 154 4180 ..113113
185 4115 327 4198 gruudt,
363 4116 448 4179 daun
483 4115 578 4178 ellein
603 4116 657 4180 das
686 4115 861 4182 Concilium
891 4119 929 4178 311
958 4112 1176 4191 verhinderen,

0 4222 146 4286 labent
167 4218 196 4282 11
218 4242 284 4284 333
310 4220 425 4284 etliche
444 4219 505 4302 jan,
533 4220 583 4285 die
606 4221 798 4287 Monarchen
823 4242 922 4307 gegen
948 4218 1098 4282 einander
1121 4239 1176 4302 ge·

596 4365 613 4398 ἢ

85 4449 103 4501 1
134 4444 172 4497 A:
190 4441 297 4514 gemfit,
316 4461 371 4513 eyn
390 4446 415 4514 (1
436 4443 494 4497 und
513 4445 543 4498 2:
564 4443 641 4514 ain)..
665 4445 733 4502 1542
751 4445 836 4514 gemt,
856 4439 944 4498 311313.

928 4533 944 4586 8
954 4531 968 4561 *
