2938 4988
828 336 871 397 88

268 501 399 572 corum?
423 504 463 570 In
485 529 555 591 quae
577 507 707 591 quidem
730 508 862 572 comitia
884 529 957 572 eum
979 513 1084 574 essent
1106 500 1335 594 acenti'prope
1349 532 1408 574 om·

153 609 155 613 ’
267 635 323 676 nes
344 611 501 689 homines,
525 612 602 677 adeo
623 612 708 677 nihil
723 617 834 678 tamen
849 613 913 678 fuit
927 616 1129 680 emendatum
1144 615 1179 678 in
1197 615 1248 692 iis,
1271 618 1308 678 ut
1322 615 1409 678 etiarn

267 717 334 795 illi,
369 717 425 801 qui
455 721 571 800 praeter
586 699 663 780 'vini
696 723 729 782 et
758 720 983 785 auctoritatem
1015 721 1187 785 humanam
1214 721 1254 785 ad
1277 721 1408 804 disputa·

267 823 371 888 tiones
394 822 478 887 nihil
500 821 666 900 adferunt,
691 823 785 888 initio
807 825 918 889 statim
941 824 1192 908 profiterentur,
1222 847 1255 890 sc
1278 847 1342 889 non
1364 826 1409 889 de·
1450 853 1451 898 3

267 927 401 992 crevisse
433 928 601 1012 quicquam
633 928 715 992 velle
745 930 915 992 immutare
946 930 997 993 vel
1019 934 1157 994 statuere
1179 930 1291 1007 aliter,
1324 952 1409 1012 quan
1450 899 1451 942 3

266 1031 422 1096 hactenus
444 1031 480 1094 in
501 1051 602 1117 regno
625 1032 789 1116 pontificio
811 1035 924 1099 fuisset
949 1036 1159 1099 observatum.
1198 1035 1291 1100 Hanc
1312 1056 1409 1099 vocem

267 1142 336 1202 tam
367 1136 535 1200 absurdam
565 1139 598 1200 et
624 1137 736 1201 duram
759 1139 898 1222 adeoque
920 1139 1047 1203 tristem
1071 1144 1102 1202 et
1124 1139 1252 1222 plenam
1275 1139 1409 1222 despera·

269 1243 367 1306 tionis
389 1242 593 1325 protulerunt
615 1242 660 1306 ibi
683 1244 826 1330 theologi
849 1251 881 1308 et
900 1244 1080 1329 jurisperiti
1101 1245 1208 1308 vestri.
1255 1243 1290 1308 Si
1305 1247 1410 1329 praetcr

270 1350 457 1413 mandatum
480 1352 619 1412 vestrum
642 1352 674 1413 et
696 1373 753 1414 sua
777 1351 913 1434 quadam
936 1354 1058 1434 sponte,
1083 1349 1252 1414 dolendum
1268 1353 1315 1414 est
1335 1371 1408 1426 sanc,
1450 1343 1451 1416 3

269 1458 397 1519 tantum
421 1453 486 1518 illis
509 1454 541 1517 in
568 1475 602 1518 re
624 1458 690 1518 tum
706 1455 804 1520 ardua
819 1456 969 1540 privatim
986 1456 1088 1520 licere.
1123 1454 1180 1519 Sin
1196 1459 1300 1519 autern
1316 1458 1409 1520 vestro
1450 1485 1451 1522 1

265 1560 374 1643 jussu,
398 1558 512 1622 videtis
535 1559 597 1642 ipsi
620 1562 815 1643 quantopere
836 1562 956 1626 factum
980 1561 1064 1626 istud
1088 1565 1226 1624 vestrum
1249 1561 1409 1645 degenera-
1450 1601 1451 1606 κ

268 1665 312 1728 rit
335 1663 376 1727 ab
398 1663 455 1726 illa
477 1664 690 1748 generositate
712 1651 814 1730 animi
835 1671 868 1731 et
889 1667 1076 1750 prudentia,
1110 1689 1205 1750 quarn
1226 1665 1410 1741 ostendistis,
1450 1699 1451 1736 3

178 1800 181 1807 ·
270 1789 332 1851 quo
363 1771 504 1850 tempore
534 1774 566 1833 et
600 1769 716 1834 abusus
750 1771 822 1835 illos
854 1771 1088 1849 intolerabiles,
1118 1791 1249 1834 numero
1283 1773 1410 1846 centum,
1450 1837 1451 1840 ,

271 1872 410 1958 petiistis
433 1873 563 1963 aboleri,
586 1878 619 1938 et
641 1875 736 1940 simul
758 1877 918 1960 pontificis
941 1877 1046 1961 legato
1067 1875 1313 1959 respondebatis»,
1339 1875 1411 1938 nihil
1450 1909 1451 1914 κ

271 2000 327 2044 vos
351 1979 384 2042 in
406 1978 583 2044 liutherum
604 2002 696 2063 posse
719 1982 847 2066 gravius
870 1982 1044 2059 decernere,
1068 1981 1137 2045 ideo
1161 1982 1244 2064 quod
1266 1981 1345 2045 vitia
1366 1981 1411 2045 ille
1450 2016 1451 2053 1

271 2083 384 2162 multa,
407 2105 477 2167 quae
500 2105 564 2148 non
587 2085 712 2168 possint
733 2085 937 2163 dissimulari,
962 2087 1139 2151 crederetur
1156 2085 1317 2149 detexisse.
1356 2086 1408 2149 lie·
1450 2123 1451 2128 κ

269 2188 378 2272 petite,
401 2210 515 2272 quaes0,
539 2190 723 2253 memoriam
747 2192 813 2274 ejus
836 2191 998 2275 temporis,
1023 2195 1055 2255 et
1081 2191 1184 2255 videte
1208 2214 1302 2274 quam
1324 2190 1410 2254 uerit
1450 2257 1451 2264 ,

270 2292 406 2357 illustris
430 2292 496 2357 haec
518 2297 623 2358 vestra
646 2293 808 2358 confessio.
852 2295 997 2360 Manebit
1017 2296 1075 2359 illa
1097 2317 1220 2379 semper
1242 2295 1410 2358 litterarum
1450 2365 1451 2370 η

269 2399 423 2482 impressa
445 2398 677 2475 monumentis,
713 2420 769 2462 nec
791 2399 857 2462 ulla
883 2403 1023 2464 vetustas
1046 2422 1115 2464 eam
1138 2399 1265 2463 delebit.
1309 2399 1410 2464 Videte
1450 2441 1451 2448 κ

269 2503 461 2587 propiusque
484 2503 690 2580 considerate,
715 2526 860 2586 quaenam
884 2505 950 2569 sint
971 2505 1037 2582 illa,
1066 2526 1135 2588 quae
1158 2509 1227 2567 tum
1250 2501 1409 2587 cupiebatis
1450 2553 1451 2562 ,

271 2608 461 2690 spontifice
485 2607 535 2671 vel
558 2607 675 2691 corrigi
697 2607 747 2671 vel
770 2609 804 2671 in
827 2609 1009 2673 uuiversum
1033 2610 1161 2674 aboleri.
1200 2608 1234 2673 si
1251 2608 1410 2693 diligenter
1450 2652 1451 2662 2

269 2712 489 2796 inspiciantur,
514 2712 713 2795 comperietis
736 2711 793 2777 illa
816 2735 959 2778 manasse
981 2737 1019 2779 ex
1043 2737 1151 2778 eorum
1174 2713 1312 2792 officina,
1343 2733 1410 2796 quos
1450 2755 1451 2762 κ

268 2817 479 2902 pulcherrime
511 2818 685 2902 depingens
716 2821 748 2882 et
778 2819 996 2901 praenuntians
1037 2818 1092 2883 ille
1130 2819 1196 2882 veri
1228 2822 1410 2882 monstrator

274 2923 406 3006 spiritus
430 2922 475 2986 ait
498 2923 774 2987 exercitatissimos
791 2945 856 2987 esse
871 2923 905 2986 in
921 2924 1010 2986 omni
1024 2945 1138 3008 genere
1154 2923 1283 3006 rapinae,
1308 2921 1410 2986 habere
1450 2965 1451 2999 1

270 3026 376 3092 oculos
399 3026 542 3091 libidinis
565 3033 596 3092 et
619 3028 760 3092 avaritiae
783 3032 888 3106 testes,
913 3051 949 3092 ac
970 3029 1006 3092 in
1029 3050 1166 3092 errorem
1189 3029 1339 3093 adductos
1360 3027 1408 3090 hc·
1450 3071 1451 3106 3

269 3133 370 3196 mines
400 3133 557 3199 devorare.
605 3133 669 3197 Gur
682 3133 767 3197 enim
790 3133 951 3197 emendari
975 3133 1118 3198 voluistis
1147 3155 1183 3197 ea
1216 3132 1266 3196 vel
1293 3151 1409 3216 prorsus

271 3237 437 3322 abrogari,
473 3239 536 3302 nisi
570 3239 654 3322 quod
684 3238 815 3316 callide,
845 3237 1109 3320 insi[Fiiij]diose
1140 3241 1172 3302 et
1201 3259 1294 3301 avare
1317 3260 1335 3300 a
1355 3236 1408 3299 lto·

270 3342 472 3407 manensibus
505 3339 682 3428 excogitata
713 3347 832 3408 vestras
856 3347 888 3406 et
912 3343 1100 3428 populorum
1123 3346 1300 3406 vestrorum
1322 3339 1409 3405 facul·

270 3452 352 3513 tates
383 3449 605 3527 exhaurirent,
637 3473 673 3514 ac
704 3449 800 3513 nimis
832 3469 949 3533 magua
972 3451 1125 3528 servitute
1148 3469 1202 3512 vos
1225 3447 1408 3528 constringe-
1450 3491 1451 3494 η

270 3555 367 3618 rent?
404 3553 520 3618 Nonne
543 3553 606 3618 fuit
624 3553 691 3619 haec
707 3577 800 3618 causa
815 3558 928 3618 vestrae
944 3553 1100 3636 querelae?
1132 3553 1207 3617 Fuit
1219 3575 1303 3618 sane.
1342 3549 1409 3614 Cum

208 3737 209 3742 γ
271 3661 378 3724 autem
401 3681 437 3724 ea
459 3660 581 3743 primus
605 3660 747 3724 omnium
778 3659 929 3724 indicarit
950 3658 1127 3735 Lutherus,
1161 3656 1409 3742 quemadmodum
1450 3699 1451 3704 η

755 3805 758 3812 ⁴
838 3783 856 3820 ἥ

270 3869 461 3947 schwerntis,
486 3891 527 3933 an
551 3870 585 3934 in
609 3870 682 3952 (den
705 3870 893 3952 Endchrist)
917 3870 998 3934 thdn
1021 3870 1157 3954 langen,
1188 3867 1249 3931 mit
1270 3864 1408 3947 fleissiger
1450 3907 1451 3942 ,

266 3976 344 4062 ¹bitt,
368 3975 417 4040 die
440 3975 549 4040 selben
573 3976 773 4040 abadstellen.
820 3975 907 4040 Acht
927 3977 978 4060 jar
1002 3968 1150 4052 demach,
1174 3977 1214 4038 nt
1236 3970 1404 4056 Augspurga

270 4081 311 4146 da
326 4079 520 4144 Keiserliche
535 4079 683 4145 Maiestat
707 4081 779 4164 [58]
795 4081 877 4146 selbs
894 4082 953 4145 mit
969 4081 1053 4145 allen
1069 4077 1208 4146 Stenden
1225 4077 1278 4175 des
1293 4069 1404 4142 Reichs,

271 4185 306 4248 iu
329 4205 454 4270 grosser
477 4184 683 4250 mercklicher
708 4186 797 4248 auual
822 4186 1022 4262 erschinnen,
1046 4183 1113 4247 auff
1132 4181 1249 4246 welche
1266 4172 1408 4242 beihunfft

270 4290 336 4354 und
359 4290 561 4375 versamlung
583 4291 754 4375 yederman
777 4290 844 4354 sich
868 4290 1014 4354 hochlich
1036 4291 1223 4366 vertrdstet,
1256 4287 1308 4350 der
1336 4276 1407 4344 hoff-

271 4415 379 4480 nung,
414 4417 445 4459 es
479 4394 558 4458 solte
589 4399 685 4458 etwas
720 4397 854 4458 erdrtert
877 4395 1019 4458 werden:
1056 4393 1102 4458 als
1126 4414 1158 4465 es
1181 4394 1237 4455 zur
1259 4386 1406 4464 handlung
