2902 4996
579 333 639 396 12⁷

58 510 215 587 faciuntea
237 508 421 596 reipublicae
443 527 537 572 causa
560 489 670 583 facere,
694 505 747 570 sed
771 505 806 570 in
830 503 951 589 primis,
974 527 1113 573 amorem
1128 493 1178 572 re·

57 617 162 701 ligionis
183 619 277 699 atque
292 614 434 681 studium
451 612 613 691 simulant,
638 616 675 676 ut
690 610 825 694 populus
841 615 874 674 et
889 611 1041 677 libentius
1058 617 1176 698 pareat,

57 727 80 785 et
87 721 175 784 Deum
196 723 316 800 metuat
340 720 485 794 ultorem,
508 717 536 781 si
557 739 651 801 quam
666 716 743 799 ipsis
758 716 822 779 vim
838 716 964 795 inferat,
981 717 1179 807 Excellentes

57 830 131 890 etiam
150 825 230 890 viros
253 824 427 889 honoribus
451 829 570 908 augent
593 821 781 906 aliquando,
809 827 845 886 ut
863 821 998 904 justitiae
1020 825 1179 890 retineant

56 931 229 1013 opinionem,
252 930 425 1012 iisdemque
449 927 641 1004 virtutibus,
673 947 751 1010 quas
773 927 807 990 in
832 926 903 991 aliis
926 930 959 990 et
981 927 1109 994 laudare
1131 931 1180 996 11-

16 1017 17 1020 “
56 1035 147 1098 111111
166 1039 197 1098 11
218 1033 380 1110 admirari,
404 1031 574 1097 credantur
596 1029 658 1114 ipsi
680 1049 804 1113 quoque
825 1051 892 1095 esse
913 1033 1028 1098 ornati.
1063 1033 1181 1101 Nonne

55 1140 138 1222 palam
166 1139 222 1203 has
257 1143 341 1204 artes
375 1137 495 1202 omneis
528 1135 709 1219 conspicitis
739 1135 772 1198 in
805 1135 885 1200 illo?
930 1136 1110 1204 Cavendum
1132 1145 1182 1206 est

56 1248 139 1328 itaque
159 1245 248 1309 vobis
270 1245 493 1327 maximopere.

121 1351 254 1435 Propter
278 1349 445 1414 facultates
468 1369 504 1412 ac
529 1369 604 1432 opes
627 1347 828 1412 ecclesiarum
852 1352 928 1414 nata
949 1353 998 1413 est
1020 1350 1106 1414 inter
1128 1373 1181 1416 101
1293 1393 1299 1410 .

16 1447 17 1524 f
55 1443 893 1539 1111011,110111111111011111111111,01101111
909 1455 1073 1522 acerbitas.
1105 1456 1180 1523 Non

53 1565 87 1622 111
105 1561 195 1645 digna
217 1563 297 1626 satis
322 1581 423 1644 neque
447 1559 573 1623 laudata
595 1579 698 1636 eausa,
725 1579 780 1623 cur
796 1558 829 1622 in
846 1563 992 1624 mutuum
1008 1563 1180 1645 perniciem

55 1665 208 1747 conjuretis.
255 1665 330 1743 Vos,
355 1665 469 1749 quibus
492 1668 540 1729 111
563 1665 664 1728 invisa
687 1663 936 1730 Romanensium
959 1668 1110 1749 nequitia,
1135 1669 1181 1733 sio

16 1793 17 1854 ᾗ
55 1791 93 1832 101
120 1775 320 1857 comparate,
355 1773 389 1836 in
421 1793 535 1854 eosque
566 1791 639 1835 usus
671 1769 807 1836 eecleeiae
837 1792 1076 1856 pauperumque
1098 1773 1181 1838 bona

54 1877 211 1955 convertite,
238 1899 279 1942 ne
302 1899 364 1961 qua
385 1876 531 1959 deinceps
553 1877 675 1940 oriatur
697 1876 844 1960 suspicio,
867 1878 970 1962 magis
986 1879 1180 1944 emolumen-

54 1983 105 2044 tum
135 1986 278 2066 spectare
309 2003 364 2046 vos
396 1988 429 2046 et.
462 1982 681 2065 compendium
715 1965 855 2046 vestrum
889 2004 985 2065 quam
1018 1984 1182 2069 religionis

54 2088 331 2171 propugnationem.
384 2085 445 2163 Qui
476 2087 559 2151 male
591 2087 679 2152 vobis
710 2087 863 2169 eupiunt,
896 2085 1065 2152 admodum
1095 2088 1181 2152 istud

16 2277 17 2280 Ἴ
53 2197 233 2276 exaggerant,
267 2213 365 2276 eoque
388 2215 441 2258 101
464 2194 591 2258 nomine
613 2194 753 2278 graviter
776 2214 840 2287 non
863 2193 960 2257 semel
982 2198 1180 2260 accusarunt.

16 2293 82 2362 111
71 2299 277 2383 tquauquam
300 2321 364 2364 non
387 2299 588 2366 dubiumt
540 2305 607 2377 est,
641 2299 719 2383 quin
749 2277 908 2382 plerisque
936 2300 1034 2363 111111
1061 2299 1182 2364 ordinis

16 2351 58 2478 1
52 2401 684 2482 11111111,1111111111011111111011
708 2425 801 2468 nemo
824 2403 1007 2488 culpandus.
1051 2404 1181 2481 Quoties

17 2587 18 2590 Ἴ
52 2507 172 2574 adhunc
194 2509 452 2574 criminationem
475 2509 652 2593 respondet
643 2531 724 2587 11,1
705 2509 854 2574 affirmat
831 2514 883 2587 1,11
907 2510 1049 2572 omnium
1071 2530 1181 2574 eorunr

17 2597 19 2608 ’
53 2607 183 2677 bonorum
206 2635 265 2678 101
287 2614 465 2678 1111111101
489 2614 622 2698 fi'delem
644 2619 678 2680 11
708 2621 849 2680 exactam
877 2615 1051 2694 rationem,
1085 2637 1183 2699 eoque

51 2715 103 2796 ipso
123 2724 205 2783 certe
228 2719 388 2798 fatemini,
412 2720 536 2802 quidvis
559 2719 665 2803 potius
688 2719 866 2786 faciendum
881 2741 948 2784 esse
964 2720 1063 2800 vobis,
1087 2743 1184 2803 quam

52 2825 77 2884 11
96 2823 233 2889 homiues
258 2825 449 2904 existiment,
473 2847 527 2889 101
551 2826 608 2889 illa
629 2825 718 2890 vobis
742 2827 838 2909 ipsis,
863 2848 926 2889 non
950 2825 1046 2890 etiam
1067 2827 1130 2909 piis
1153 2831 1185 2890 11

51 2930 211 2993 necessariis
235 2929 357 3008 usibus,
382 2930 579 3014 impendisse.
625 2931 699 3009 Vos,
723 2932 778 3014 qui
802 2954 858 3016 pro
881 2931 1072 3009 retinendis,
1104 2954 1183 3015 quas

51 3032 130 3097 111111
153 3059 209 3119 per
243 3057 358 3100 manus
388 3037 571 3120 accepistis,
607 3037 807 3102 ecclesiarum
836 3037 949 3121 opibus
982 3038 1184 3116 contenditis,

52 3138 128 3204 etiam
158 3146 257 3225 atque
287 3141 384 3205 etiam
414 3141 569 3226 cogitate,
603 3142 865 3225 quemadmodum
896 3146 928 3206 et
951 3163 1028 3225 quos
1053 3143 1085 3206 in
1109 3165 1184 3208 usus

51 3240 99 3306 illae
118 3247 181 3310 sint
203 3246 285 3310 olim
307 3245 509 3323 contributae,
534 3247 689 3331 respicite,
714 3269 809 3330 quam
828 3269 866 3312 ex
881 3247 971 3311 vobis
987 3269 1079 3311 nemo
1095 3269 1185 3311 suum

51 3343 128 3412 faeiat
149 3351 303 3428 officium,
328 3351 509 3435 proponite,
533 3373 627 3436 qnam
651 3352 716 3415 sint
739 3352 833 3416 111111
856 3351 934 3416 facti
956 3353 1063 3415 miseri
1079 3355 1184 3417 vestra

50 3454 141 3537 culpa,
175 3459 306 3542 quando
336 3459 454 3524 victum
478 3463 510 3523 et
532 3459 725 3524 alimoniam
739 3459 816 3543 ipsis
848 3457 986 3522 debitam
1016 3477 1070 3521 vos
1104 3477 1185 3539 prae·

51 3557 174 3639 ripuistis
197 3567 231 3627 et
257 3564 317 3627 soli
339 3564 526 3646 dissipastis.
571 3561 656 3628 Nam
679 3563 705 3627 11
728 3567 803 3627 sunt
826 3562 964 3628 eoelesiae
986 3562 1079 3639 bona,
1104 3563 1186 3626 sieut

51 3660 98 3743 ipsi
116 3667 273 3747 fatemini,
298 3668 409 3746 videte,
434 3691 511 3732 num
534 3689 571 3731 ea
593 3668 661 3732 sint
682 3669 884 3752 percipienda
906 3667 1006 3744 vobis,
1035 3666 1089 3750 qui
1113 3666 1186 3730 nul-

52 3764 100 3832 lum
128 3773 266 3838 eeclesiae
296 3796 411 3838 munus
441 3796 550 3839 verum
582 3777 614 3837 et
637 3774 847 3838 necessarium
869 3795 1008 3857 unquam
1031 3770 1185 3836 obiristis.

52 3868 162 3955 Optima
184 3900 319 3962 quaeque
341 3878 494 3943 facillime
516 3884 762 3962 corrumpuntur
777 3884 809 3944 et
824 3881 1032 3965 degenerant:
1056 3875 1186 3940 fuerunt

52 3977 201 4062 aliquando
226 3984 362 4068 majores
384 3985 492 4062 vestri,
516 3986 568 4048 sed
592 3985 701 4050 multis
725 3989 799 4050 ante
820 3984 942 4049 saeculis
965 3982 1071 4045 fideles
1086 3979 1184 4044 ecole-

52 4082 149 4150 siarum
171 4088 325 4167 ministri,
349 4093 382 4154 et
405 4090 555 4172 quamdiu
579 4090 659 4154 tales
682 4095 783 4173 erant,
807 4090 889 4154 nihil
911 4109 963 4153 101
983 4086 1102 4151 divitia
1117 4105 1185 4150 mo·

52 4188 158 4270 rebant,
182 4193 223 4257 ad
248 4215 327 4276 quas
350 4197 559 4277 posteaquam
583 4193 771 4259 adiecissent
799 4195 958 4271 animum,
990 4192 1100 4256 statim
1131 4211 1186 4255 111-

51 4291 154 4377 gligere
169 4303 338 4383 eoeperunt
352 4298 504 4377 officium,
528 4300 631 4384 magis
647 4306 743 4384 atque
760 4301 872 4384 magis,
894 4300 993 4362 donec
1006 4319 1043 4362 eo
1059 4297 1187 4361 tandem

52 4403 164 4466 ventum
182 4408 241 4483 est,
267 4407 303 4468 ut
319 4405 563 4470 ecclesiasticum
578 4405 721 4470 ordinem
738 4425 828 4470 nemo
845 4404 1011 4490 quisquam
1026 4403 1189 4468 affectaret
