2930 4998
583 313 644 376 241

61 505 215 570 regnonrm
236 481 364 560 finibus,
390 483 424 546 in
446 481 505 548 bae
529 486 638 548 nostra
653 481 779 570 Europa
794 484 930 552 conferri
953 492 1056 554 tecum
1079 489 1189 574 possit,

60 591 151 656 nullus
173 588 288 656 existat
309 588 466 672 princeps.
513 587 620 671 Atque
643 593 675 654 te
698 589 793 656 talem
816 594 944 676 temque
965 591 1030 658 late
1052 614 1189 680 regnan·

58 701 112 762 tem
132 699 162 760 et
182 693 232 758 his
255 692 432 760 rationibus
454 696 602 772 auctum,
628 692 780 762 Caesarem
803 717 868 762 esse
891 697 992 764 voluit
1013 696 1106 764 Deus.
1148 697 1191 765 nt

58 802 127 866 sicut
146 798 300 864 familiam
324 802 430 876 tuam,
465 798 625 864 continuis
647 799 804 864 honorum
828 801 996 886 pratibus,
1032 807 1064 868 et
1086 804 1189 870 incre·
1295 842 1308 862 ο

57 904 158 969 mentis
179 925 284 988 opum,
309 903 465 988 singulari
489 903 625 987 quodam
648 905 779 971 consilio
802 907 1017 991 amplificavit,
1042 908 1088 974 ita
1110 931 1189 993 quo-

57 1035 106 1096 que
126 1013 182 1077 sub
204 1009 331 1095 imperii
354 1009 401 1074 tui
424 1009 634 1094 primordium
656 1011 773 1076 exoriri
788 1004 890 1076 voluit
905 1009 988 1076 hano
1003 1019 1189 1096 presentem

56 1118 286 1195 mnversionem‚
310 1135 373 1198 qua
395 1114 457 1199 piis
480 1115 641 1181 mentibus
664 1116 748 1181 nihil
770 1120 826 1183 aut
842 1117 1012 1202 jucundius
1027 1122 1082 1184 aut
1098 1122 1189 1203 opta·

55 1225 137 1290 bilius
159 1225 266 1308 potest
288 1219 421 1286 evenire.

127 1329 248 1394 Paucos
278 1327 310 1390 et
339 1325 480 1390 illustres
510 1325 661 1408 quosdam
684 1325 820 1412 singulis
851 1327 1047 1410 temporibus
1077 1328 1189 1394 heroas

54 1436 174 1502 excitare
190 1433 271 1498 solet
286 1429 381 1508 Deus,
405 1449 476 1494 cum
500 1428 638 1514 insignis
660 1429 769 1514 aliqua
790 1451 895 1496 rernm
918 1431 1080 1515 impendet
1103 1455 1188 1500 com·

53 1540 184 1606 mutatio.
226 1536 343 1622 Cyrum
366 1534 406 1599 ad
429 1531 489 1598 hoc
511 1531 654 1599 instituit
676 1535 708 1598 et
730 1533 856 1619 delegit,
881 1539 919 1600 ut
941 1535 982 1602 ab
1004 1537 1074 1623 ipso
1096 1539 1189 1604 resti·

52 1649 128 1709 tutus
149 1641 295 1708 libertati
317 1641 452 1724 populus
476 1637 667 1704 Israeliticus
690 1642 722 1704 et
745 1661 762 1704 e
785 1639 970 1722 captivitate
992 1644 1114 1710 solutus
1138 1644 1188 1709 in-

52 1773 101 1834 que
122 1749 262 1834 patriam
283 1744 432 1810 remissus
454 1744 610 1828 templum
633 1743 713 1809 illud
734 1746 802 1808 toto
826 1747 982 1812 terrarum
1009 1748 1084 1813 orbe
1107 1748 1187 1814 cels·

51 1855 232 1933 homimum,
257 1853 297 1918 ab
320 1849 460 1935 Assyriis
484 1852 516 1914 ct
538 1847 725 1934 Babyloniis
748 1848 911 1929 dirutum,
941 1851 1188 1929 reaedificarent;

51 1960 124 2026 hunc
146 1961 254 2046 ipsum
277 1956 377 2022 voluit
401 1977 467 2020 esse
491 1953 755 2039 potentissimum,
780 1954 945 2021 Medorum
967 1960 999 2022 et
1022 1955 1189 2029 Persarum

50 2087 164 2152 regem3
204 2066 234 2128 et
266 2061 349 2126 hanc
380 2061 447 2144 ejus
470 2063 594 2126 tantem
616 2059 850 2144 benignitatem
873 2061 907 2125 in
930 2060 1092 2128 Israelitas
1127 2062 1186 2128 ali·

50 2175 116 2254 quot
137 2167 261 2236 saeculis
284 2169 359 2232 ante
381 2165 538 2252 predixit,
564 2187 659 2250 quam
682 2170 777 2232 natus
800 2169 890 2232 esset.
936 2165 1018 2232 Eum
1041 2167 1188 2252 plurimis

50 2275 150 2340 deinde
172 2273 351 2358 interjectis
373 2272 465 2336 annis
489 2279 613 2336 secutus
636 2275 684 2336 est
707 2271 902 2351 Alexander,
926 2271 967 2336 ob
990 2272 1117 2356 imperii
1139 2294 1189 2338 re·

48 2401 170 2466 rumque
194 2382 358 2465 gestarum
381 2377 624 2462 amplitudinem
640 2377 778 2465 Magnus
800 2377 987 2462 appellatus,
1012 2377 1100 2461 cujus
1123 2378 1189 2442 vic·

48 2486 127 2550 toriae
149 2505 262 2550 omnes
286 2487 377 2548 erant
400 2482 533 2561 fatales,
568 2483 699 2548 minime
728 2484 868 2548 obscuris
898 2483 1064 2548 verborum
1096 2485 1188 2567 tegu-
1212 2501 1215 2506 ·

47 2593 151 2656 mentis
177 2614 198 2656 a
214 2589 346 2654 Daniele
370 2588 599 2672 praenuntiata.
632 2587 768 2673 Aliquot
782 2592 854 2674 post
877 2587 1072 2672 temporibus
1096 2608 1187 2652 exus·

45 2697 151 2764 citatus
183 2698 234 2761 est
263 2692 471 2778 Ju[Xiij]lius
494 2693 616 2772 Caesar,
652 2694 707 2777 qui
737 2694 847 2758 multis
876 2694 969 2760 rebus
1001 2693 1128 2759 fortiter
1158 2695 1191 2758 et

46 2803 188 2885 preclare
212 2801 311 2886 gestis
335 2798 547 2877 auctoriam,
570 2804 622 2877 ut,
657 2799 711 2882 qui
735 2803 803 2864 erat
826 2803 919 2864 antea
940 2799 1103 2884 popularis
1126 2798 1189 2862 rei-

45 2909 171 2990 publicae
193 2905 347 2971 Romanae
369 2908 488 2984 status,
521 2908 767 2970 commutaretur
800 2906 834 2970 in
863 2905 986 2991 regium
1010 2925 1108 2989 prope
1132 2904 1188 2970 do·

46 3011 207 3076 minatum.
252 3007 364 3093 Neque
392 3011 494 3074 multo
516 3013 590 3093 post
612 3010 694 3073 banc
716 3009 841 3092 imperii
863 3010 1073 3074 mutationem
1097 3028 1187 3072 exor-

44 3117 88 3180 tus
110 3121 159 3182 est
184 3113 240 3179 ille
258 3113 393 3197 justitiae
417 3115 482 3192 sol,
517 3114 698 3198 redemptor
728 3118 760 3178 et
791 3119 931 3179 servator
962 3117 1078 3179 noster.
1127 3111 1186 3176 Ille

44 3243 108 3286 vero
131 3219 316 3287 dominatus
338 3222 374 3282 ut
396 3218 507 3302 populi
524 3218 660 3283 Romani
681 3219 862 3284 libertatem
886 3219 1018 3298 adflixit,
1041 3219 1087 3282 ita
1110 3238 1189 3301 quo·

44 3347 97 3410 quc
120 3325 303 3392 doctrinam
327 3328 358 3388 et
380 3325 567 3409 religionem
590 3347 609 3388 a
639 3324 809 3390 liberatore
841 3327 950 3388 nostro
981 3322 1189 3388 constitutam

44 3435 70 3495 et
90 3433 237 3498 relictam
260 3429 410 3494 acerrime
434 3433 614 3514 persecutus
630 3437 687 3507 est,
712 3430 751 3494 ad
766 3432 924 3496 trecentos
938 3429 1063 3494 circiter
1077 3449 1187 3492 annos.

45 3538 106 3614 Quo
124 3543 271 3620 ternpore
288 3533 390 3599 Oaesar
406 3534 569 3600 Romanus
586 3533 814 3599 Constantinus
834 3533 990 3618 evangelii
1014 3533 1189 3598 doctrinam

42 3643 220 3727 complexus
243 3639 324 3718 fuit,
360 3640 414 3722 qui
441 3643 474 3703 et
502 3640 570 3722 ipse
603 3643 733 3722 propter
767 3639 891 3724 egregie
923 3638 1111 3721 fortiterque
1134 3636 1189 3700 ad·

43 3747 257 3812 ministratam
279 3743 509 3827 rempublicam
525 3742 637 3828 Magni
652 3763 826 3828 cognomen
842 3744 976 3827 adeptus
991 3746 1048 3806 est.
1080 3741 1191 3825 Longo

42 3850 148 3916 deinde
180 3853 254 3934 post
285 3848 453 3913 intervallo
485 3848 604 3933 prodiit
638 3847 784 3928 Carolus,
820 3870 837 3913 e
870 3847 1065 3912 Francorum
1096 3850 1192 3910 natus

42 3955 171 4035 familia,
197 3955 256 4019 sub
279 3975 342 4037 quo
365 3959 396 4019 et
419 3955 555 4019 divisum
578 3957 627 4019 est
649 3954 834 4038 imperium,
859 3958 891 4018 et
913 3952 1116 4038 pontificatus
1139 3950 1190 4012 in·

41 4063 174 4148 signiter
192 4064 303 4126 auctus
319 4059 382 4124 fuit
397 4064 492 4143 atque
507 4059 739 4144 locupletatum
756 4081 890 4143 quorum
905 4061 1065 4139 utrunque
1081 4053 1191 4138 magni

41 4188 110 4232 sane
133 4165 380 4242 estmomenti,
416 4169 448 4229 et
481 4165 567 4229 inter
596 4164 806 4229 humanarum
830 4185 934 4228 rerum
956 4160 1190 4226 vicissitudines

41 4274 172 4337 minime
195 4273 355 4354 postremo
377 4269 447 4355 loco
470 4270 597 4335 recitari
621 4270 721 4336 debet.
760 4269 823 4334 Hic
844 4272 950 4332 autem
966 4265 1107 4344 Carolus,
1130 4267 1190 4332 etsi

82 4392 211 4436 bleidanus
949 4373 981 4428 ld
