<?xml version="1.0" encoding="UTF-8"?>
<!DOCTYPE html PUBLIC "-//W3C//DTD XHTML 1.0 Transitional//EN"
    "http://www.w3.org/TR/xhtml1/DTD/xhtml1-transitional.dtd">
<html xmlns="http://www.w3.org/1999/xhtml" xml:lang="en" lang="en">
 <head>
  <title>
</title>
<meta http-equiv="Content-Type" content="text/html;charset=utf-8" />
  <meta name='ocr-system' content='tesseract 3.04.00' />
  <meta name='ocr-capabilities' content='ocr_page ocr_carea ocr_par ocr_line ocrx_word'/>
</head>
<body>
  <div class='ocr_page' id='page_1' title='image "./zweiredenankais00bhgoog/zweiredenankais00bhgoog_0137.png"; bbox 0 0 2902 4996; ppageno 0'>
   <div class='ocr_carea' id='block_1_1' title="bbox 620 317 681 380">
    <p class='ocr_par' dir='ltr' id='par_1_1' title="bbox 620 317 681 380">
     <span class='ocr_line' id='line_1_1' title="bbox 620 317 681 380; baseline 0.016 -2"><span class='ocrx_word' id='word_1_1' title='bbox 620 317 681 380; x_wconf 78' lang='lat'><strong>125</strong></span> 
     </span>
    </p>
   </div>
   <div class='ocr_carea' id='block_1_2' title="bbox 21 489 1306 4360">
    <p class='ocr_par' dir='ltr' id='par_1_2' title="bbox 21 483 1306 4360">
     <span class='ocr_line' id='line_1_2' title="bbox 88 489 1224 577; baseline 0 -21"><span class='ocrx_word' id='word_1_2' title='bbox 88 495 113 556; x_wconf 89' lang='lat' dir='ltr'><strong>et</strong></span> <span class='ocrx_word' id='word_1_3' title='bbox 132 493 164 555; x_wconf 83' lang='lat' dir='ltr'><strong>nt</strong></span> <span class='ocrx_word' id='word_1_4' title='bbox 185 491 324 576; x_wconf 82' lang='lat' dir='ltr'><strong>aliquem</strong></span> <span class='ocrx_word' id='word_1_5' title='bbox 348 493 465 575; x_wconf 77' lang='lat' dir='ltr'><strong>praeter</strong></span> <span class='ocrx_word' id='word_1_6' title='bbox 486 494 634 556; x_wconf 84' lang='lat' dir='ltr'><strong>naturam</strong></span> <span class='ocrx_word' id='word_1_7' title='bbox 656 491 688 553; x_wconf 89' lang='lat' dir='ltr'><strong>et</strong></span> <span class='ocrx_word' id='word_1_8' title='bbox 710 509 830 554; x_wconf 90' lang='lat' dir='ltr'><strong>morem</strong></span> <span class='ocrx_word' id='word_1_9' title='bbox 852 510 945 554; x_wconf 90' lang='lat' dir='ltr'><strong>suum</strong></span> <span class='ocrx_word' id='word_1_10' title='bbox 976 489 1110 577; x_wconf 80' lang='lat' dir='ltr'><strong>diligat,</strong></span> <span class='ocrx_word' id='word_1_11' title='bbox 1146 490 1224 556; x_wconf 81' lang='lat' dir='ltr'><strong>Ger-</strong></span> 
     </span>
     <span class='ocr_line' id='line_1_3' title="bbox 87 596 1222 679; baseline 0.002 -18.89"><span class='ocrx_word' id='word_1_12' title='bbox 87 596 211 661; x_wconf 80' lang='lat' dir='ltr'><strong>maniam</strong></span> <span class='ocrx_word' id='word_1_13' title='bbox 234 601 341 660; x_wconf 88' lang='lat' dir='ltr'><strong>tamen</strong></span> <span class='ocrx_word' id='word_1_14' title='bbox 365 600 397 660; x_wconf 90' lang='lat' dir='ltr'><strong>et</strong></span> <span class='ocrx_word' id='word_1_15' title='bbox 418 600 560 660; x_wconf 88' lang='lat' dir='ltr'><strong>nostram</strong></span> <span class='ocrx_word' id='word_1_16' title='bbox 575 598 703 679; x_wconf 78' lang='lat' dir='ltr'><strong>gentem</strong></span> <span class='ocrx_word' id='word_1_17' title='bbox 718 615 824 658; x_wconf 86' lang='lat' dir='ltr'><strong>amare</strong></span> <span class='ocrx_word' id='word_1_18' title='bbox 840 615 903 658; x_wconf 91' lang='lat' dir='ltr'><strong>non</strong></span> <span class='ocrx_word' id='word_1_19' title='bbox 919 598 1033 678; x_wconf 89' lang='lat' dir='ltr'><strong>potest,</strong></span> <span class='ocrx_word' id='word_1_20' title='bbox 1057 617 1115 662; x_wconf 88' lang='lat' dir='ltr'><strong>nec</strong></span> <span class='ocrx_word' id='word_1_21' title='bbox 1137 597 1222 662; x_wconf 87' lang='lat' dir='ltr'><strong>enim</strong></span> 
     </span>
     <span class='ocr_line' id='line_1_4' title="bbox 21 698 1224 783; baseline 0.002 -19"><span class='ocrx_word' id='word_1_22' title='bbox 21 747 23 756; x_wconf 57' lang='grc'><strong>,</strong></span> <span class='ocrx_word' id='word_1_23' title='bbox 87 723 200 764; x_wconf 89' lang='lat' dir='ltr'><strong>eausam</strong></span> <span class='ocrx_word' id='word_1_24' title='bbox 222 700 328 778; x_wconf 89' lang='lat' dir='ltr'><strong>babet,</strong></span> <span class='ocrx_word' id='word_1_25' title='bbox 351 721 388 764; x_wconf 89' lang='lat' dir='ltr'><strong>ac</strong></span> <span class='ocrx_word' id='word_1_26' title='bbox 412 699 535 783; x_wconf 87' lang='lat' dir='ltr'><strong>quoties</strong></span> <span class='ocrx_word' id='word_1_27' title='bbox 558 698 708 764; x_wconf 85' lang='lat' dir='ltr'><strong>danobis</strong></span> <span class='ocrx_word' id='word_1_28' title='bbox 731 698 868 781; x_wconf 82' lang='lat' dir='ltr'><strong>cogitat,</strong></span> <span class='ocrx_word' id='word_1_29' title='bbox 900 698 933 762; x_wconf 95' lang='lat' dir='ltr'><strong>in</strong></span> <span class='ocrx_word' id='word_1_30' title='bbox 958 703 1095 764; x_wconf 89' lang='lat' dir='ltr'><strong>mentem</strong></span> <span class='ocrx_word' id='word_1_31' title='bbox 1118 702 1148 766; x_wconf 92' lang='lat' dir='ltr'><strong>ei</strong></span> <span class='ocrx_word' id='word_1_32' title='bbox 1170 723 1224 766; x_wconf 88' lang='lat' dir='ltr'><strong>ve·</strong></span> 
     </span>
     <span class='ocr_line' id='line_1_5' title="bbox 21 797 1176 889; baseline 0.003 -21"><span class='ocrx_word' id='word_1_33' title='bbox 21 797 23 836; x_wconf 56' lang='lat' dir='ltr'><strong>l</strong></span> <span class='ocrx_word' id='word_1_34' title='bbox 87 807 146 869; x_wconf 88' lang='lat' dir='ltr'><strong>niat</strong></span> <span class='ocrx_word' id='word_1_35' title='bbox 167 809 291 889; x_wconf 91' lang='lat' dir='ltr'><strong>oportet</strong></span> <span class='ocrx_word' id='word_1_36' title='bbox 314 805 393 870; x_wconf 93' lang='lat' dir='ltr'><strong>illud</strong></span> <span class='ocrx_word' id='word_1_37' title='bbox 417 826 455 869; x_wconf 83' lang='lat' dir='ltr'><strong>ex</strong></span> <span class='ocrx_word' id='word_1_38' title='bbox 479 804 646 870; x_wconf 68' lang='lat' dir='ltr'><strong>comoedia:</strong></span> <span class='ocrx_word' id='word_1_39' title='bbox 693 800 741 865; x_wconf 81' lang='lat' dir='ltr'><strong>En</strong></span> <span class='ocrx_word' id='word_1_40' title='bbox 765 802 856 866; x_wconf 90' lang='lat' dir='ltr'><strong>fundi</strong></span> <span class='ocrx_word' id='word_1_41' title='bbox 880 805 982 868; x_wconf 80' lang='lat' dir='ltr'>nostri</span> <span class='ocrx_word' id='word_1_42' title='bbox 1004 805 1176 872; x_wconf 82' lang='lat' dir='ltr'><strong>calamitas.</strong></span> 
     </span>
     <span class='ocr_line' id='line_1_6' title="bbox 21 841 1222 994; baseline 0.003 -20"><span class='ocrx_word' id='word_1_43' title='bbox 21 841 23 960; x_wconf 81' lang='grc' dir='ltr'>Ι</span> <span class='ocrx_word' id='word_1_44' title='bbox 163 911 319 988; x_wconf 78' lang='lat' dir='ltr'><strong>Quamdiu</strong></span> <span class='ocrx_word' id='word_1_45' title='bbox 341 931 502 994; x_wconf 82' lang='lat' dir='ltr'><strong>superesse</strong></span> <span class='ocrx_word' id='word_1_46' title='bbox 525 914 619 994; x_wconf 88' lang='lat' dir='ltr'><strong>putat</strong></span> <span class='ocrx_word' id='word_1_47' title='bbox 640 909 726 974; x_wconf 90' lang='lat' dir='ltr'><strong>inter</strong></span> <span class='ocrx_word' id='word_1_48' title='bbox 748 929 805 972; x_wconf 91' lang='lat' dir='ltr'><strong>nos</strong></span> <span class='ocrx_word' id='word_1_49' title='bbox 829 908 951 992; x_wconf 87' lang='lat' dir='ltr'><strong>aliquot</strong></span> <span class='ocrx_word' id='word_1_50' title='bbox 973 931 1036 974; x_wconf 92' lang='lat' dir='ltr'><strong>non</strong></span> <span class='ocrx_word' id='word_1_51' title='bbox 1060 913 1179 978; x_wconf 84' lang='lat' dir='ltr'><strong>alienos</strong></span> <span class='ocrx_word' id='word_1_52' title='bbox 1203 935 1222 977; x_wconf 83' lang='lat' dir='ltr'><strong>a</strong></span> 
     </span>
     <span class='ocr_line' id='line_1_7' title="bbox 21 1013 1222 1158; baseline 0.002 -80"><span class='ocrx_word' id='word_1_53' title='bbox 21 1021 23 1158; x_wconf 59' lang='grc' dir='ltr'>Ι</span> <span class='ocrx_word' id='word_1_54' title='bbox 86 1037 121 1094; x_wconf 86' lang='lat' dir='ltr'><strong>se,</strong></span> <span class='ocrx_word' id='word_1_55' title='bbox 143 1016 262 1080; x_wconf 86' lang='lat' dir='ltr'><strong>tamdiu</strong></span> <span class='ocrx_word' id='word_1_56' title='bbox 284 1015 450 1080; x_wconf 88' lang='lat' dir='ltr'><strong>simulabit</strong></span> <span class='ocrx_word' id='word_1_57' title='bbox 472 1013 736 1092; x_wconf 88' lang='lat' dir='ltr'><strong>benevolentiam,</strong></span> <span class='ocrx_word' id='word_1_58' title='bbox 759 1033 868 1077; x_wconf 91' lang='lat' dir='ltr'><strong>verum</strong></span> <span class='ocrx_word' id='word_1_59' title='bbox 891 1013 958 1079; x_wconf 81' lang='lat' dir='ltr'><strong>haec</strong></span> <span class='ocrx_word' id='word_1_60' title='bbox 972 1019 1063 1082; x_wconf 86' lang='lat' dir='ltr'><strong>tanta</strong></span> <span class='ocrx_word' id='word_1_61' title='bbox 1078 1037 1143 1082; x_wconf 85' lang='lat' dir='ltr'><strong>esse</strong></span> <span class='ocrx_word' id='word_1_62' title='bbox 1158 1037 1222 1080; x_wconf 92' lang='lat' dir='ltr'><strong>non</strong></span> 
     </span>
     <span class='ocr_line' id='line_1_8' title="bbox 21 1120 1224 1214; baseline 0.002 -29"><span class='ocrx_word' id='word_1_63' title='bbox 21 1161 23 1214; x_wconf 66' lang='lat' dir='ltr'><em>g</em></span> <span class='ocrx_word' id='word_1_64' title='bbox 85 1125 186 1203; x_wconf 87' lang='lat' dir='ltr'><strong>potest,</strong></span> <span class='ocrx_word' id='word_1_65' title='bbox 210 1121 290 1205; x_wconf 91' lang='lat' dir='ltr'><strong>quin</strong></span> <span class='ocrx_word' id='word_1_66' title='bbox 313 1122 418 1205; x_wconf 87' lang='lat' dir='ltr'><strong>cupiat</strong></span> <span class='ocrx_word' id='word_1_67' title='bbox 441 1126 542 1187; x_wconf 89' lang='lat' dir='ltr'><strong>totam</strong></span> <span class='ocrx_word' id='word_1_68' title='bbox 565 1122 698 1205; x_wconf 80' lang='lat' dir='ltr'><strong>stirpem</strong></span> <span class='ocrx_word' id='word_1_69' title='bbox 721 1120 854 1185; x_wconf 84' lang='lat' dir='ltr'><strong>excisam</strong></span> <span class='ocrx_word' id='word_1_70' title='bbox 880 1143 962 1200; x_wconf 85' lang='lat' dir='ltr'><strong>esse,</strong></span> <span class='ocrx_word' id='word_1_71' title='bbox 995 1123 1071 1188; x_wconf 88' lang='lat' dir='ltr'><strong>dum</strong></span> <span class='ocrx_word' id='word_1_72' title='bbox 1093 1123 1224 1208; x_wconf 77' lang='lat' dir='ltr'><strong>cogitat,</strong></span> 
     </span>
     <span class='ocr_line' id='line_1_9' title="bbox 86 1225 1224 1313; baseline 0.002 -21.892"><span class='ocrx_word' id='word_1_73' title='bbox 86 1249 129 1292; x_wconf 89' lang='lat' dir='ltr'><strong>ecs</strong></span> <span class='ocrx_word' id='word_1_74' title='bbox 161 1229 245 1313; x_wconf 86' lang='lat' dir='ltr'><strong>ipsos</strong></span> <span class='ocrx_word' id='word_1_75' title='bbox 279 1249 343 1293; x_wconf 89' lang='lat' dir='ltr'><strong>non</strong></span> <span class='ocrx_word' id='word_1_76' title='bbox 375 1233 440 1293; x_wconf 88' lang='lat' dir='ltr'><strong>tam</strong></span> <span class='ocrx_word' id='word_1_77' title='bbox 464 1229 615 1294; x_wconf 81' lang='lat' dir='ltr'><strong>Romanae</strong></span> <span class='ocrx_word' id='word_1_78' title='bbox 643 1227 725 1292; x_wconf 87' lang='lat' dir='ltr'><strong>sedis</strong></span> <span class='ocrx_word' id='word_1_79' title='bbox 758 1248 884 1291; x_wconf 88' lang='lat' dir='ltr'><strong>cansam</strong></span> <span class='ocrx_word' id='word_1_80' title='bbox 907 1225 1093 1306; x_wconf 86' lang='lat' dir='ltr'><strong>defendere,</strong></span> <span class='ocrx_word' id='word_1_81' title='bbox 1128 1227 1224 1312; x_wconf 74' lang='lat' dir='ltr'><strong>duam</strong></span> 
     </span>
     <span class='ocr_line' id='line_1_10' title="bbox 21 1332 1224 1444; baseline 0.002 -48"><span class='ocrx_word' id='word_1_82' title='bbox 21 1351 23 1444; x_wconf 61' lang='lat' dir='ltr'><strong>p</strong></span> <span class='ocrx_word' id='word_1_83' title='bbox 86 1334 237 1416; x_wconf 88' lang='lat' dir='ltr'><strong>proprium</strong></span> <span class='ocrx_word' id='word_1_84' title='bbox 260 1337 401 1416; x_wconf 89' lang='lat' dir='ltr'><strong>spectare</strong></span> <span class='ocrx_word' id='word_1_85' title='bbox 424 1335 620 1399; x_wconf 87' lang='lat' dir='ltr'><strong>commodum</strong></span> <span class='ocrx_word' id='word_1_86' title='bbox 642 1337 675 1397; x_wconf 88' lang='lat' dir='ltr'><strong>et</strong></span> <span class='ocrx_word' id='word_1_87' title='bbox 697 1332 954 1398; x_wconf 86' lang='lat' dir='ltr'><strong>emolumentum.</strong></span> <span class='ocrx_word' id='word_1_88' title='bbox 986 1333 1098 1418; x_wconf 89' lang='lat' dir='ltr'><strong>Itaque</strong></span> <span class='ocrx_word' id='word_1_89' title='bbox 1113 1333 1224 1419; x_wconf 84' lang='lat' dir='ltr'><strong>gravia</strong></span> 
     </span>
     <span class='ocr_line' id='line_1_11' title="bbox 21 1438 1224 1532; baseline 0.001 -31"><span class='ocrx_word' id='word_1_90' title='bbox 21 1445 23 1532; x_wconf 66' lang='lat' dir='ltr'><strong>l</strong></span> <span class='ocrx_word' id='word_1_91' title='bbox 86 1439 206 1504; x_wconf 89' lang='lat' dir='ltr'><strong>molitur</strong></span> <span class='ocrx_word' id='word_1_92' title='bbox 229 1439 264 1503; x_wconf 93' lang='lat' dir='ltr'><strong>in</strong></span> <span class='ocrx_word' id='word_1_93' title='bbox 287 1439 404 1517; x_wconf 89' lang='lat' dir='ltr'><strong>animo,</strong></span> <span class='ocrx_word' id='word_1_94' title='bbox 428 1461 529 1524; x_wconf 86' lang='lat' dir='ltr'><strong>neque</strong></span> <span class='ocrx_word' id='word_1_95' title='bbox 552 1439 741 1517; x_wconf 87' lang='lat' dir='ltr'><strong>dissimulat,</strong></span> <span class='ocrx_word' id='word_1_96' title='bbox 764 1460 829 1515; x_wconf 87' lang='lat' dir='ltr'><strong>vos,</strong></span> <span class='ocrx_word' id='word_1_97' title='bbox 853 1438 908 1520; x_wconf 92' lang='lat' dir='ltr'><strong>qni</strong></span> <span class='ocrx_word' id='word_1_98' title='bbox 931 1443 1056 1522; x_wconf 88' lang='lat' dir='ltr'><strong>turpem</strong></span> <span class='ocrx_word' id='word_1_99' title='bbox 1078 1439 1145 1522; x_wconf 89' lang='lat' dir='ltr'><strong>ejus</strong></span> <span class='ocrx_word' id='word_1_100' title='bbox 1168 1439 1224 1504; x_wconf 91' lang='lat' dir='ltr'><strong>do-</strong></span> 
     </span>
     <span class='ocr_line' id='line_1_12' title="bbox 86 1543 1224 1631; baseline 0 -25"><span class='ocrx_word' id='word_1_101' title='bbox 86 1545 230 1609; x_wconf 88' lang='lat' dir='ltr'><strong>minatum</strong></span> <span class='ocrx_word' id='word_1_102' title='bbox 255 1567 273 1608; x_wconf 89' lang='lat' dir='ltr'><strong>a</strong></span> <span class='ocrx_word' id='word_1_103' title='bbox 295 1545 385 1608; x_wconf 85' lang='lat' dir='ltr'><strong>vobis</strong></span> <span class='ocrx_word' id='word_1_104' title='bbox 401 1544 604 1631; x_wconf 87' lang='lat' dir='ltr'><strong>profligastis,</strong></span> <span class='ocrx_word' id='word_1_105' title='bbox 628 1543 835 1630; x_wconf 83' lang='lat' dir='ltr'><strong>dig[Kij]nos</strong></span> <span class='ocrx_word' id='word_1_106' title='bbox 851 1565 925 1622; x_wconf 85' lang='lat' dir='ltr'><strong>esse,</strong></span> <span class='ocrx_word' id='word_1_107' title='bbox 950 1543 1005 1627; x_wconf 88' lang='lat' dir='ltr'><strong>qni</strong></span> <span class='ocrx_word' id='word_1_108' title='bbox 1019 1543 1224 1627; x_wconf 89' lang='lat' dir='ltr'><strong>possessioni·</strong></span> 
     </span>
     <span class='ocr_line' id='line_1_13' title="bbox 86 1647 1220 1732; baseline 0.002 -21.892"><span class='ocrx_word' id='word_1_109' title='bbox 86 1648 135 1712; x_wconf 89' lang='lat' dir='ltr'><strong>bus</strong></span> <span class='ocrx_word' id='word_1_110' title='bbox 169 1650 316 1714; x_wconf 89' lang='lat' dir='ltr'><strong>omnibus</strong></span> <span class='ocrx_word' id='word_1_111' title='bbox 351 1649 462 1714; x_wconf 89' lang='lat' dir='ltr'><strong>nudati</strong></span> <span class='ocrx_word' id='word_1_112' title='bbox 492 1651 615 1715; x_wconf 90' lang='lat' dir='ltr'><strong>nullum</strong></span> <span class='ocrx_word' id='word_1_113' title='bbox 649 1649 683 1714; x_wconf 89' lang='lat' dir='ltr'><strong>in</strong></span> <span class='ocrx_word' id='word_1_114' title='bbox 718 1649 880 1732; x_wconf 80' lang='lat' dir='ltr'><strong>republica</strong></span> <span class='ocrx_word' id='word_1_115' title='bbox 908 1649 1013 1712; x_wconf 90' lang='lat' dir='ltr'><strong>locum</strong></span> <span class='ocrx_word' id='word_1_116' title='bbox 1042 1647 1220 1728; x_wconf 87' lang='lat' dir='ltr'><strong>honestum,</strong></span> 
     </span>
     <span class='ocr_line' id='line_1_14' title="bbox 21 1745 1224 1842; baseline 0.001 -26"><span class='ocrx_word' id='word_1_117' title='bbox 21 1745 23 1842; x_wconf 76' lang='grc' dir='ltr'>ξ</span> <span class='ocrx_word' id='word_1_118' title='bbox 86 1754 198 1818; x_wconf 88' lang='lat' dir='ltr'><strong>nullum</strong></span> <span class='ocrx_word' id='word_1_119' title='bbox 230 1755 326 1819; x_wconf 87' lang='lat' dir='ltr'><strong>inter·</strong></span> <span class='ocrx_word' id='word_1_120' title='bbox 346 1755 490 1820; x_wconf 89' lang='lat' dir='ltr'><strong>homines</strong></span> <span class='ocrx_word' id='word_1_121' title='bbox 523 1754 687 1820; x_wconf 68' lang='lat' dir='ltr'><strong>retineatis</strong></span> <span class='ocrx_word' id='word_1_122' title='bbox 721 1755 961 1831; x_wconf 68' lang='lat' dir='ltr'><strong>auctoritatem</strong></span> <span class='ocrx_word' id='word_1_123' title='bbox 997 1774 1060 1819; x_wconf 94' lang='lat' dir='ltr'><strong>non</strong></span> <span class='ocrx_word' id='word_1_124' title='bbox 1093 1754 1224 1819; x_wconf 83' lang='lat' dir='ltr'><strong>obscure</strong></span> 
     </span>
     <span class='ocr_line' id='line_1_15' title="bbox 21 1853 1224 1943; baseline 0 -21"><span class='ocrx_word' id='word_1_125' title='bbox 21 1853 23 1930; x_wconf 69' lang='grc' dir='ltr'>ἶ</span> <span class='ocrx_word' id='word_1_126' title='bbox 85 1881 141 1941; x_wconf 87' lang='lat' dir='ltr'><strong>prae</strong></span> <span class='ocrx_word' id='word_1_127' title='bbox 161 1881 194 1922; x_wconf 89' lang='lat' dir='ltr'><strong>se</strong></span> <span class='ocrx_word' id='word_1_128' title='bbox 217 1858 289 1939; x_wconf 82' lang='lat' dir='ltr'><strong>fert,</strong></span> <span class='ocrx_word' id='word_1_129' title='bbox 313 1861 341 1924; x_wconf 87' lang='lat' dir='ltr'><strong>si</strong></span> <span class='ocrx_word' id='word_1_130' title='bbox 364 1863 434 1925; x_wconf 87' lang='lat' dir='ltr'><strong>tota</strong></span> <span class='ocrx_word' id='word_1_131' title='bbox 455 1859 621 1923; x_wconf 80' lang='lat' dir='ltr'><strong>dissideret</strong></span> <span class='ocrx_word' id='word_1_132' title='bbox 644 1859 683 1923; x_wconf 87' lang='lat' dir='ltr'><strong>ab</strong></span> <span class='ocrx_word' id='word_1_133' title='bbox 706 1859 777 1943; x_wconf 90' lang='lat' dir='ltr'><strong>ipso</strong></span> <span class='ocrx_word' id='word_1_134' title='bbox 793 1857 973 1936; x_wconf 76' lang='lat' dir='ltr'><strong>Germania,</strong></span> <span class='ocrx_word' id='word_1_135' title='bbox 995 1857 1099 1922; x_wconf 76' lang='lat' dir='ltr'><strong>Caesar</strong></span> <span class='ocrx_word' id='word_1_136' title='bbox 1118 1858 1224 1935; x_wconf 88' lang='lat' dir='ltr'><strong>etiam,</strong></span> 
     </span>
     <span class='ocr_line' id='line_1_16' title="bbox 85 1962 1222 2048; baseline -0.002 -20.107"><span class='ocrx_word' id='word_1_137' title='bbox 85 1966 279 2030; x_wconf 85' lang='lat' dir='ltr'><strong>auferendam</strong></span> <span class='ocrx_word' id='word_1_138' title='bbox 303 1987 369 2031; x_wconf 87' lang='lat' dir='ltr'><strong>esse</strong></span> <span class='ocrx_word' id='word_1_139' title='bbox 391 1966 483 2030; x_wconf 86' lang='lat' dir='ltr'><strong>nobis</strong></span> <span class='ocrx_word' id='word_1_140' title='bbox 505 1966 685 2030; x_wconf 88' lang='lat' dir='ltr'><strong>libertatem</strong></span> <span class='ocrx_word' id='word_1_141' title='bbox 707 1985 850 2042; x_wconf 89' lang='lat' dir='ltr'><strong>omnem,</strong></span> <span class='ocrx_word' id='word_1_142' title='bbox 880 1965 931 2046; x_wconf 78' lang='lat' dir='ltr'><strong>jus</strong></span> <span class='ocrx_word' id='word_1_143' title='bbox 961 1967 993 2026; x_wconf 86' lang='lat' dir='ltr'><strong>et</strong></span> <span class='ocrx_word' id='word_1_144' title='bbox 1020 1962 1222 2048; x_wconf 85' lang='lat' dir='ltr'><strong>privilegium</strong></span> 
     </span>
     <span class='ocr_line' id='line_1_17' title="bbox 21 2055 1224 2153; baseline -0.001 -20"><span class='ocrx_word' id='word_1_145' title='bbox 21 2055 41 2137; x_wconf 71' lang='lat' dir='ltr'><strong>l,</strong></span> <span class='ocrx_word' id='word_1_146' title='bbox 86 2071 201 2134; x_wconf 88' lang='lat' dir='ltr'><strong>creandi</strong></span> <span class='ocrx_word' id='word_1_147' title='bbox 224 2069 365 2149; x_wconf 82' lang='lat' dir='ltr'><strong>(laesaris,</strong></span> <span class='ocrx_word' id='word_1_148' title='bbox 388 2075 421 2136; x_wconf 88' lang='lat' dir='ltr'><strong>et</strong></span> <span class='ocrx_word' id='word_1_149' title='bbox 442 2071 509 2136; x_wconf 83' lang='lat' dir='ltr'><strong>hoec</strong></span> <span class='ocrx_word' id='word_1_150' title='bbox 531 2071 638 2136; x_wconf 89' lang='lat' dir='ltr'><strong>omnia</strong></span> <span class='ocrx_word' id='word_1_151' title='bbox 660 2070 827 2135; x_wconf 88' lang='lat' dir='ltr'><strong>transferri</strong></span> <span class='ocrx_word' id='word_1_152' title='bbox 850 2069 961 2134; x_wconf 91' lang='lat' dir='ltr'><strong>debere</strong></span> <span class='ocrx_word' id='word_1_153' title='bbox 984 2068 1018 2132; x_wconf 94' lang='lat' dir='ltr'><strong>in</strong></span> <span class='ocrx_word' id='word_1_154' title='bbox 1034 2069 1129 2134; x_wconf 87' lang='lat' dir='ltr'><strong>aliam</strong></span> <span class='ocrx_word' id='word_1_155' title='bbox 1145 2089 1224 2153; x_wconf 88' lang='lat' dir='ltr'><strong>gen·</strong></span> 
     </span>
     <span class='ocr_line' id='line_1_18' title="bbox 21 2173 1225 2268; baseline -0.002 -30"><span class='ocrx_word' id='word_1_156' title='bbox 21 2201 22 2268; x_wconf 62' lang='lat' dir='ltr'><strong>i</strong></span> <span class='ocrx_word' id='word_1_157' title='bbox 84 2178 151 2254; x_wconf 87' lang='lat' dir='ltr'><strong>tem,</strong></span> <span class='ocrx_word' id='word_1_158' title='bbox 174 2198 395 2260; x_wconf 90' lang='lat' dir='ltr'><strong>quamcunque</strong></span> <span class='ocrx_word' id='word_1_159' title='bbox 414 2177 481 2261; x_wconf 90' lang='lat' dir='ltr'><strong>ipse</strong></span> <span class='ocrx_word' id='word_1_160' title='bbox 496 2177 583 2256; x_wconf 85' lang='lat' dir='ltr'><strong>velit,</strong></span> <span class='ocrx_word' id='word_1_161' title='bbox 607 2181 643 2242; x_wconf 87' lang='lat' dir='ltr'><strong>ut</strong></span> <span class='ocrx_word' id='word_1_162' title='bbox 667 2177 721 2260; x_wconf 94' lang='lat' dir='ltr'><strong>qui</strong></span> <span class='ocrx_word' id='word_1_163' title='bbox 744 2175 954 2240; x_wconf 91' lang='lat' dir='ltr'><strong>sitdominus</strong></span> <span class='ocrx_word' id='word_1_164' title='bbox 978 2177 1010 2238; x_wconf 87' lang='lat' dir='ltr'><strong>ct</strong></span> <span class='ocrx_word' id='word_1_165' title='bbox 1032 2177 1142 2238; x_wconf 88' lang='lat' dir='ltr'><strong>auctor</strong></span> <span class='ocrx_word' id='word_1_166' title='bbox 1163 2173 1225 2236; x_wconf 85' lang='lat' dir='ltr'><strong>im·</strong></span> 
     </span>
     <span class='ocr_line' id='line_1_19' title="bbox 21 2269 1225 2367; baseline -0.002 -24"><span class='ocrx_word' id='word_1_167' title='bbox 21 2269 22 2280; x_wconf 40' lang='lat'>¹</span> <span class='ocrx_word' id='word_1_168' title='bbox 85 2281 164 2363; x_wconf 88' lang='lat' dir='ltr'><strong>perii.</strong></span> <span class='ocrx_word' id='word_1_169' title='bbox 210 2281 423 2347; x_wconf 80' lang='lat' dir='ltr'><strong>Continentur</strong></span> <span class='ocrx_word' id='word_1_170' title='bbox 454 2282 521 2346; x_wconf 85' lang='lat' dir='ltr'><strong>haec</strong></span> <span class='ocrx_word' id='word_1_171' title='bbox 550 2282 650 2367; x_wconf 87' lang='lat' dir='ltr'><strong>ipsius</strong></span> <span class='ocrx_word' id='word_1_172' title='bbox 682 2281 832 2366; x_wconf 89' lang='lat' dir='ltr'><strong>impressa</strong></span> <span class='ocrx_word' id='word_1_173' title='bbox 865 2279 1080 2345; x_wconf 90' lang='lat' dir='ltr'><strong>monumentis</strong></span> <span class='ocrx_word' id='word_1_174' title='bbox 1109 2283 1142 2342; x_wconf 88' lang='lat' dir='ltr'><strong>et</strong></span> <span class='ocrx_word' id='word_1_175' title='bbox 1170 2278 1225 2343; x_wconf 86' lang='lat' dir='ltr'><strong>dc·</strong></span> 
     </span>
     <span class='ocr_line' id='line_1_20' title="bbox 21 2382 1226 2474; baseline -0.002 -27"><span class='ocrx_word' id='word_1_176' title='bbox 21 2425 23 2464; x_wconf 75' lang='lat'><strong>,</strong></span> <span class='ocrx_word' id='word_1_177' title='bbox 86 2386 187 2464; x_wconf 90' lang='lat' dir='ltr'><strong>cretis,</strong></span> <span class='ocrx_word' id='word_1_178' title='bbox 212 2388 259 2450; x_wconf 89' lang='lat' dir='ltr'><strong>ita</strong></span> <span class='ocrx_word' id='word_1_179' title='bbox 281 2387 422 2470; x_wconf 89' lang='lat' dir='ltr'><strong>quidem,</strong></span> <span class='ocrx_word' id='word_1_180' title='bbox 456 2387 626 2474; x_wconf 84' lang='lat' dir='ltr'><strong>abnegari</strong></span> <span class='ocrx_word' id='word_1_181' title='bbox 650 2409 714 2452; x_wconf 92' lang='lat' dir='ltr'><strong>non</strong></span> <span class='ocrx_word' id='word_1_182' title='bbox 738 2387 880 2471; x_wconf 82' lang='lat' dir='ltr'><strong>possint,</strong></span> <span class='ocrx_word' id='word_1_183' title='bbox 915 2390 947 2451; x_wconf 90' lang='lat' dir='ltr'><strong>et</strong></span> <span class='ocrx_word' id='word_1_184' title='bbox 969 2406 1008 2450; x_wconf 86' lang='lat' dir='ltr'><strong>ex</strong></span> <span class='ocrx_word' id='word_1_185' title='bbox 1031 2384 1108 2468; x_wconf 90' lang='lat' dir='ltr'><strong>ipsis</strong></span> <span class='ocrx_word' id='word_1_186' title='bbox 1130 2382 1226 2446; x_wconf 86' lang='lat' dir='ltr'><strong>multi</strong></span> 
     </span>
     <span class='ocr_line' id='line_1_21' title="bbox 86 2487 1225 2577; baseline -0.002 -24.162"><span class='ocrx_word' id='word_1_187' title='bbox 86 2494 264 2570; x_wconf 84' lang='lat' dir='ltr'><strong>potestatem</strong></span> <span class='ocrx_word' id='word_1_188' title='bbox 298 2491 381 2557; x_wconf 90' lang='lat' dir='ltr'><strong>hano</strong></span> <span class='ocrx_word' id='word_1_189' title='bbox 409 2493 469 2559; x_wconf 90' lang='lat' dir='ltr'><strong>sibi</strong></span> <span class='ocrx_word' id='word_1_190' title='bbox 503 2497 714 2577; x_wconf 88' lang='lat' dir='ltr'><strong>sumpserunt.</strong></span> <span class='ocrx_word' id='word_1_191' title='bbox 772 2491 945 2575; x_wconf 79' lang='lat' dir='ltr'><strong>Arrogavit</strong></span> <span class='ocrx_word' id='word_1_192' title='bbox 975 2489 1035 2553; x_wconf 90' lang='lat' dir='ltr'><strong>hoc</strong></span> <span class='ocrx_word' id='word_1_193' title='bbox 1067 2487 1129 2552; x_wconf 90' lang='lat' dir='ltr'><strong>sibi</strong></span> <span class='ocrx_word' id='word_1_194' title='bbox 1159 2508 1225 2571; x_wconf 78' lang='lat' dir='ltr'><strong>prae</strong></span> 
     </span>
     <span class='ocr_line' id='line_1_22' title="bbox 21 2569 1223 2676; baseline -0.001 -18"><span class='ocrx_word' id='word_1_195' title='bbox 21 2569 23 2658; x_wconf 82' lang='lat' dir='ltr'><strong>i</strong></span> <span class='ocrx_word' id='word_1_196' title='bbox 87 2596 187 2659; x_wconf 88' lang='lat' dir='ltr'><strong>ceteris</strong></span> <span class='ocrx_word' id='word_1_197' title='bbox 211 2595 393 2662; x_wconf 88' lang='lat' dir='ltr'><strong>Bonifacius</strong></span> <span class='ocrx_word' id='word_1_198' title='bbox 426 2598 480 2663; x_wconf 93' lang='lat' dir='ltr'><strong>ille</strong></span> <span class='ocrx_word' id='word_1_199' title='bbox 511 2602 657 2676; x_wconf 87' lang='lat' dir='ltr'><strong>octavus,</strong></span> <span class='ocrx_word' id='word_1_200' title='bbox 690 2598 764 2661; x_wconf 91' lang='lat' dir='ltr'><strong>dum</strong></span> <span class='ocrx_word' id='word_1_201' title='bbox 794 2597 953 2661; x_wconf 87' lang='lat' dir='ltr'><strong>accinctus</strong></span> <span class='ocrx_word' id='word_1_202' title='bbox 983 2615 1076 2672; x_wconf 86' lang='lat' dir='ltr'><strong>ense,</strong></span> <span class='ocrx_word' id='word_1_203' title='bbox 1110 2597 1143 2658; x_wconf 90' lang='lat' dir='ltr'><strong>et</strong></span> <span class='ocrx_word' id='word_1_204' title='bbox 1171 2613 1223 2657; x_wconf 89' lang='lat' dir='ltr'><strong>co·</strong></span> 
     </span>
     <span class='ocr_line' id='line_1_23' title="bbox 21 2699 1225 2786; baseline 0 -25"><span class='ocrx_word' id='word_1_205' title='bbox 21 2699 23 2774; x_wconf 79' lang='lat'><em>{</em></span> <span class='ocrx_word' id='word_1_206' title='bbox 87 2719 188 2764; x_wconf 89' lang='lat' dir='ltr'><strong>ronam</strong></span> <span class='ocrx_word' id='word_1_207' title='bbox 217 2700 396 2785; x_wconf 83' lang='lat' dir='ltr'><strong>triplicem,</strong></span> <span class='ocrx_word' id='word_1_208' title='bbox 431 2701 582 2766; x_wconf 82' lang='lat' dir='ltr'><strong>inauditae</strong></span> <span class='ocrx_word' id='word_1_209' title='bbox 610 2701 765 2786; x_wconf 87' lang='lat' dir='ltr'><strong>superbiae</strong></span> <span class='ocrx_word' id='word_1_210' title='bbox 793 2704 925 2780; x_wconf 88' lang='lat' dir='ltr'><strong>testem,</strong></span> <span class='ocrx_word' id='word_1_211' title='bbox 960 2699 1064 2784; x_wconf 89' lang='lat' dir='ltr'><strong>capite</strong></span> <span class='ocrx_word' id='word_1_212' title='bbox 1086 2703 1225 2785; x_wconf 85' lang='lat' dir='ltr'><strong>gestans,</strong></span> 
     </span>
     <span class='ocr_line' id='line_1_24' title="bbox 645 2825 662 2864; baseline 0 0"><span class='ocrx_word' id='word_1_213' title='bbox 645 2825 662 2864; x_wconf 77' lang='lat' dir='ltr'><strong>a</strong></span> 
     </span>
     <span class='ocr_line' id='line_1_25' title="bbox 89 2907 1227 2999; baseline 0.001 -28"><span class='ocrx_word' id='word_1_214' title='bbox 89 2907 150 2992; x_wconf 78' lang='lat'>[74]</span> <span class='ocrx_word' id='word_1_215' title='bbox 172 2915 204 2974; x_wconf 85' lang='lat' dir='ltr'><strong>et</strong></span> <span class='ocrx_word' id='word_1_216' title='bbox 227 2913 334 2995; x_wconf 92' lang='lat' dir='ltr'><strong>quand</strong></span> <span class='ocrx_word' id='word_1_217' title='bbox 356 2914 429 2978; x_wconf 91' lang='lat' dir='ltr'><strong>bien</strong></span> <span class='ocrx_word' id='word_1_218' title='bbox 453 2916 476 2979; x_wconf 93' lang='lat' dir='ltr'><strong>il</strong></span> <span class='ocrx_word' id='word_1_219' title='bbox 500 2916 646 2980; x_wconf 86' lang='lat' dir='ltr'><strong>aimeroit</strong></span> <span class='ocrx_word' id='word_1_220' title='bbox 678 2915 813 2999; x_wconf 86' lang='lat' dir='ltr'><strong>qnelcun</strong></span> <span class='ocrx_word' id='word_1_221' title='bbox 848 2918 956 2978; x_wconf 89' lang='lat' dir='ltr'><strong>contre</strong></span> <span class='ocrx_word' id='word_1_222' title='bbox 986 2935 1020 2977; x_wconf 89' lang='lat' dir='ltr'><strong>sa</strong></span> <span class='ocrx_word' id='word_1_223' title='bbox 1051 2913 1165 2976; x_wconf 87' lang='lat' dir='ltr'><strong>nature</strong></span> <span class='ocrx_word' id='word_1_224' title='bbox 1194 2913 1227 2973; x_wconf 92' lang='lat' dir='ltr'><strong>et</strong></span> 
     </span>
     <span class='ocr_line' id='line_1_26' title="bbox 89 3016 1179 3102; baseline 0.001 -26"><span class='ocrx_word' id='word_1_225' title='bbox 89 3021 249 3094; x_wconf 86' lang='lat' dir='ltr'><strong>coustume,</strong></span> <span class='ocrx_word' id='word_1_226' title='bbox 274 3017 301 3080; x_wconf 85' lang='lat' dir='ltr'><strong>si</strong></span> <span class='ocrx_word' id='word_1_227' title='bbox 323 3039 362 3082; x_wconf 93' lang='lat' dir='ltr'><strong>ne</strong></span> <span class='ocrx_word' id='word_1_228' title='bbox 383 3020 502 3102; x_wconf 91' lang='lat' dir='ltr'><strong>peut-il</strong></span> <span class='ocrx_word' id='word_1_229' title='bbox 525 3022 623 3084; x_wconf 89' lang='lat' dir='ltr'><strong>aimer</strong></span> <span class='ocrx_word' id='word_1_230' title='bbox 642 3024 749 3084; x_wconf 88' lang='lat' dir='ltr'><strong>nostre</strong></span> <span class='ocrx_word' id='word_1_231' title='bbox 766 3019 886 3098; x_wconf 90' lang='lat' dir='ltr'><strong>nation,</strong></span> <span class='ocrx_word' id='word_1_232' title='bbox 911 3040 950 3082; x_wconf 90' lang='lat' dir='ltr'><strong>ne</strong></span> <span class='ocrx_word' id='word_1_233' title='bbox 964 3016 1179 3100; x_wconf 76' lang='lat' dir='ltr'><strong>l&#39;Alemagne:</strong></span> 
     </span>
     <span class='ocr_line' id='line_1_27' title="bbox 89 3116 1225 3205; baseline 0.002 -26"><span class='ocrx_word' id='word_1_234' title='bbox 89 3116 151 3200; x_wconf 77' lang='lat'>[75]</span> <span class='ocrx_word' id='word_1_235' title='bbox 173 3118 234 3184; x_wconf 79' lang='lat' dir='ltr'><strong>Sur</strong></span> <span class='ocrx_word' id='word_1_236' title='bbox 257 3125 328 3184; x_wconf 86' lang='lat' dir='ltr'><strong>tous</strong></span> <span class='ocrx_word' id='word_1_237' title='bbox 352 3145 371 3185; x_wconf 88' lang='lat' dir='ltr'><strong>a</strong></span> <span class='ocrx_word' id='word_1_238' title='bbox 393 3145 427 3187; x_wconf 93' lang='lat' dir='ltr'><strong>ce</strong></span> <span class='ocrx_word' id='word_1_239' title='bbox 449 3122 511 3187; x_wconf 82' lang='lat' dir='ltr'><strong>fait</strong></span> <span class='ocrx_word' id='word_1_240' title='bbox 534 3123 685 3188; x_wconf 63' lang='lat' dir='ltr'><strong>Bo‘niiace</strong></span> <span class='ocrx_word' id='word_1_241' title='bbox 708 3122 869 3200; x_wconf 80' lang='lat' dir='ltr'><strong>huitieme,</strong></span> <span class='ocrx_word' id='word_1_242' title='bbox 895 3123 1001 3205; x_wconf 87' lang='lat' dir='ltr'><strong>quand</strong></span> <span class='ocrx_word' id='word_1_243' title='bbox 1024 3120 1110 3186; x_wconf 88' lang='lat' dir='ltr'><strong>ceint</strong></span> <span class='ocrx_word' id='word_1_244' title='bbox 1132 3119 1225 3182; x_wconf 88' lang='lat' dir='ltr'><strong>d&#39;une</strong></span> 
     </span>
     <span class='ocr_line' id='line_1_28' title="bbox 89 3225 1226 3312; baseline -0.001 -23"><span class='ocrx_word' id='word_1_245' title='bbox 89 3225 183 3305; x_wconf 73' lang='lat' dir='ltr'><strong>espec,</strong></span> <span class='ocrx_word' id='word_1_246' title='bbox 217 3230 350 3309; x_wconf 86' lang='lat' dir='ltr'><strong>portant</strong></span> <span class='ocrx_word' id='word_1_247' title='bbox 379 3250 433 3291; x_wconf 91' lang='lat' dir='ltr'><strong>sur</strong></span> <span class='ocrx_word' id='word_1_248' title='bbox 465 3251 499 3293; x_wconf 87' lang='lat' dir='ltr'><strong>sa</strong></span> <span class='ocrx_word' id='word_1_249' title='bbox 528 3233 608 3293; x_wconf 91' lang='lat' dir='ltr'><strong>teste</strong></span> <span class='ocrx_word' id='word_1_250' title='bbox 638 3251 700 3293; x_wconf 90' lang='lat' dir='ltr'><strong>nne</strong></span> <span class='ocrx_word' id='word_1_251' title='bbox 722 3250 880 3294; x_wconf 90' lang='lat' dir='ltr'><strong>couronne</strong></span> <span class='ocrx_word' id='word_1_252' title='bbox 909 3227 1022 3312; x_wconf 81' lang='lat' dir='ltr'><strong>triple,</strong></span> <span class='ocrx_word' id='word_1_253' title='bbox 1052 3247 1131 3309; x_wconf 88' lang='lat' dir='ltr'><strong>pour</strong></span> <span class='ocrx_word' id='word_1_254' title='bbox 1161 3229 1226 3289; x_wconf 90' lang='lat' dir='ltr'><strong>tes-</strong></span> 
     </span>
     <span class='ocr_line' id='line_1_29' title="bbox 90 3329 1225 3418; baseline 0.006 -31"><span class='ocrx_word' id='word_1_255' title='bbox 90 3329 249 3415; x_wconf 83' lang='lat' dir='ltr'><strong>moignag&#39;e</strong></span> <span class='ocrx_word' id='word_1_256' title='bbox 265 3395 268 3411; x_wconf 66' lang='grc'>,</span> <span class='ocrx_word' id='word_1_257' title='bbox 283 3332 320 3396; x_wconf 92' lang='lat' dir='ltr'><strong>de</strong></span> <span class='ocrx_word' id='word_1_258' title='bbox 354 3354 411 3396; x_wconf 87' lang='lat' dir='ltr'><strong>son</strong></span> <span class='ocrx_word' id='word_1_259' title='bbox 445 3334 568 3418; x_wconf 87' lang='lat' dir='ltr'><strong>orgueil</strong></span> <span class='ocrx_word' id='word_1_260' title='bbox 601 3355 665 3398; x_wconf 91' lang='lat' dir='ltr'><strong>non</strong></span> <span class='ocrx_word' id='word_1_261' title='bbox 694 3333 808 3416; x_wconf 83' lang='lat' dir='ltr'><strong>jamais</strong></span> <span class='ocrx_word' id='word_1_262' title='bbox 841 3355 922 3418; x_wconf 82' lang='lat' dir='ltr'><strong>nuy,</strong></span> <span class='ocrx_word' id='word_1_263' title='bbox 957 3352 1120 3418; x_wconf 78' lang='lat' dir='ltr'><strong>prononca</strong></span> <span class='ocrx_word' id='word_1_264' title='bbox 1153 3352 1225 3414; x_wconf 88' lang='lat' dir='ltr'><strong>pre·</strong></span> 
     </span>
     <span class='ocr_line' id='line_1_30' title="bbox 90 3435 1181 3522; baseline 0.005 -27"><span class='ocrx_word' id='word_1_265' title='bbox 90 3440 368 3518; x_wconf 86' lang='lat' dir='ltr'><strong>somptueusemcnt</strong></span> <span class='ocrx_word' id='word_1_266' title='bbox 391 3438 507 3502; x_wconf 88' lang='lat' dir='ltr'><strong>devant</strong></span> <span class='ocrx_word' id='word_1_267' title='bbox 529 3443 610 3516; x_wconf 79' lang='lat' dir='ltr'><strong>tona,</strong></span> <span class='ocrx_word' id='word_1_268' title='bbox 635 3439 713 3522; x_wconf 88' lang='lat' dir='ltr'><strong>qn’il</strong></span> <span class='ocrx_word' id='word_1_269' title='bbox 736 3439 830 3503; x_wconf 91' lang='lat' dir='ltr'><strong>estoit</strong></span> <span class='ocrx_word' id='word_1_270' title='bbox 845 3437 1019 3522; x_wconf 79' lang='lat' dir='ltr'><strong>Emperenr</strong></span> <span class='ocrx_word' id='word_1_271' title='bbox 1041 3441 1074 3500; x_wconf 89' lang='lat' dir='ltr'><strong>et</strong></span> <span class='ocrx_word' id='word_1_272' title='bbox 1088 3435 1181 3519; x_wconf 88' lang='lat' dir='ltr'><strong>Papa.</strong></span> 
     </span>
     <span class='ocr_line' id='line_1_31' title="bbox 643 3560 663 3601; baseline 0 -8"><span class='ocrx_word' id='word_1_273' title='bbox 643 3560 663 3601; x_wconf 61' lang='lat' dir='ltr'><strong>a</strong></span> 
     </span>
     <span class='ocr_line' id='line_1_32' title="bbox 91 3641 1226 3733; baseline 0.004 -28"><span class='ocrx_word' id='word_1_274' title='bbox 91 3641 173 3726; x_wconf 78' lang='lat'>[192]</span> <span class='ocrx_word' id='word_1_275' title='bbox 195 3644 227 3709; x_wconf 88' lang='lat' dir='ltr'>Y</span> <span class='ocrx_word' id='word_1_276' title='bbox 250 3647 330 3712; x_wconf 64' lang='lat' dir='ltr'><strong>dallo</strong></span> <span class='ocrx_word' id='word_1_277' title='bbox 361 3671 422 3732; x_wconf 88' lang='lat' dir='ltr'><strong>que</strong></span> <span class='ocrx_word' id='word_1_278' title='bbox 453 3653 563 3714; x_wconf 88' lang='lat' dir='ltr'><strong>eontra</strong></span> <span class='ocrx_word' id='word_1_279' title='bbox 593 3672 630 3713; x_wconf 91' lang='lat' dir='ltr'><strong>su</strong></span> <span class='ocrx_word' id='word_1_280' title='bbox 661 3650 841 3714; x_wconf 86' lang='lat' dir='ltr'><strong>naturaleaa</strong></span> <span class='ocrx_word' id='word_1_281' title='bbox 862 3671 883 3733; x_wconf 88' lang='lat' dir='ltr'><strong>y</strong></span> <span class='ocrx_word' id='word_1_282' title='bbox 907 3647 1085 3712; x_wconf 83' lang='lat' dir='ltr'><strong>ecstumbre</strong></span> <span class='ocrx_word' id='word_1_283' title='bbox 1117 3645 1226 3730; x_wconf 91' lang='lat' dir='ltr'><strong>quiera</strong></span> 
     </span>
     <span class='ocr_line' id='line_1_33' title="bbox 91 3745 1228 3839; baseline 0.006 -30"><span class='ocrx_word' id='word_1_284' title='bbox 91 3745 154 3811; x_wconf 88' lang='lat' dir='ltr'><strong>bien</strong></span> <span class='ocrx_word' id='word_1_285' title='bbox 175 3773 193 3814; x_wconf 88' lang='lat' dir='ltr'><strong>a</strong></span> <span class='ocrx_word' id='word_1_286' title='bbox 214 3752 348 3836; x_wconf 83' lang='lat' dir='ltr'><strong>alguno,</strong></span> <span class='ocrx_word' id='word_1_287' title='bbox 372 3775 413 3817; x_wconf 93' lang='lat' dir='ltr'><strong>no</strong></span> <span class='ocrx_word' id='word_1_288' title='bbox 436 3775 562 3838; x_wconf 89' lang='lat' dir='ltr'><strong>empero</strong></span> <span class='ocrx_word' id='word_1_289' title='bbox 585 3756 684 3839; x_wconf 91' lang='lat' dir='ltr'><strong>puede</strong></span> <span class='ocrx_word' id='word_1_290' title='bbox 707 3777 795 3820; x_wconf 85' lang='lat' dir='ltr'><strong>arnan</strong></span> <span class='ocrx_word' id='word_1_291' title='bbox 818 3777 837 3818; x_wconf 93' lang='lat' dir='ltr'><strong>a</strong></span> <span class='ocrx_word' id='word_1_292' title='bbox 859 3752 1027 3818; x_wconf 86' lang='lat' dir='ltr'><strong>Alemania</strong></span> <span class='ocrx_word' id='word_1_293' title='bbox 1047 3775 1069 3836; x_wconf 82' lang='lat' dir='ltr'><strong>y</strong></span> <span class='ocrx_word' id='word_1_294' title='bbox 1092 3773 1111 3816; x_wconf 86' lang='lat' dir='ltr'><strong>a</strong></span> <span class='ocrx_word' id='word_1_295' title='bbox 1132 3773 1228 3816; x_wconf 85' lang='lat' dir='ltr'><strong>nues-</strong></span> 
     </span>
     <span class='ocr_line' id='line_1_34' title="bbox 92 3853 257 3940; baseline 0.042 -27"><span class='ocrx_word' id='word_1_296' title='bbox 92 3853 134 3916; x_wconf 90' lang='lat' dir='ltr'><strong>tra</strong></span> <span class='ocrx_word' id='word_1_297' title='bbox 154 3860 257 3940; x_wconf 81' lang='lat' dir='ltr'><strong>gente.</strong></span> 
     </span>
     <span class='ocr_line' id='line_1_35' title="bbox 93 3953 1225 4049; baseline 0.005 -30"><span class='ocrx_word' id='word_1_298' title='bbox 93 3953 175 4042; x_wconf 84' lang='lat'>[193]</span> <span class='ocrx_word' id='word_1_299' title='bbox 199 3960 359 4045; x_wconf 91' lang='lat' dir='ltr'><strong>Usurpola</strong></span> <span class='ocrx_word' id='word_1_300' title='bbox 390 3983 457 4026; x_wconf 86' lang='lat' dir='ltr'><strong>mas</strong></span> <span class='ocrx_word' id='word_1_301' title='bbox 490 3985 550 4047; x_wconf 89' lang='lat' dir='ltr'><strong>que</strong></span> <span class='ocrx_word' id='word_1_302' title='bbox 579 3963 668 4029; x_wconf 91' lang='lat' dir='ltr'><strong>todos</strong></span> <span class='ocrx_word' id='word_1_303' title='bbox 691 3959 784 4049; x_wconf 84' lang='lat' dir='ltr'><strong>aquei</strong></span> <span class='ocrx_word' id='word_1_304' title='bbox 807 3984 952 4047; x_wconf 91' lang='lat' dir='ltr'><strong>perverso</strong></span> <span class='ocrx_word' id='word_1_305' title='bbox 977 3960 1141 4026; x_wconf 86' lang='lat' dir='ltr'><strong>Bonifacio</strong></span> <span class='ocrx_word' id='word_1_306' title='bbox 1163 3958 1225 4025; x_wconf 86' lang='lat' dir='ltr'><strong>Oc·</strong></span> 
     </span>
     <span class='ocr_line' id='line_1_36' title="bbox 93 4063 1228 4154; baseline 0.002 -28"><span class='ocrx_word' id='word_1_307' title='bbox 93 4063 172 4145; x_wconf 85' lang='lat' dir='ltr'><strong>tave,</strong></span> <span class='ocrx_word' id='word_1_308' title='bbox 205 4065 331 4149; x_wconf 90' lang='lat' dir='ltr'><strong>qnando</strong></span> <span class='ocrx_word' id='word_1_309' title='bbox 360 4068 469 4132; x_wconf 78' lang='lat' dir='ltr'><strong>cefrida</strong></span> <span class='ocrx_word' id='word_1_310' title='bbox 500 4089 537 4131; x_wconf 89' lang='lat' dir='ltr'><strong>su</strong></span> <span class='ocrx_word' id='word_1_311' title='bbox 571 4070 704 4152; x_wconf 83' lang='lat' dir='ltr'><strong>espada,</strong></span> <span class='ocrx_word' id='word_1_312' title='bbox 738 4072 893 4154; x_wconf 87' lang='lat' dir='ltr'><strong>ypuesta</strong></span> <span class='ocrx_word' id='word_1_313' title='bbox 916 4088 955 4131; x_wconf 88' lang='lat' dir='ltr'><strong>en</strong></span> <span class='ocrx_word' id='word_1_314' title='bbox 978 4067 1009 4130; x_wconf 91' lang='lat' dir='ltr'><strong>la</strong></span> <span class='ocrx_word' id='word_1_315' title='bbox 1030 4065 1143 4152; x_wconf 73' lang='lat' dir='ltr'><strong>cabeca</strong></span> <span class='ocrx_word' id='word_1_316' title='bbox 1164 4086 1228 4129; x_wconf 87' lang='lat' dir='ltr'><strong>una</strong></span> 
     </span>
     <span class='ocr_line' id='line_1_37' title="bbox 94 4169 1306 4256; baseline 0.001 -27"><span class='ocrx_word' id='word_1_317' title='bbox 94 4185 195 4234; x_wconf 89' lang='lat' dir='ltr'><strong>corona</strong></span> <span class='ocrx_word' id='word_1_318' title='bbox 222 4171 443 4250; x_wconf 88' lang='lat' dir='ltr'><strong>tresdoblada,</strong></span> <span class='ocrx_word' id='word_1_319' title='bbox 478 4171 509 4236; x_wconf 89' lang='lat' dir='ltr'><strong>la</strong></span> <span class='ocrx_word' id='word_1_320' title='bbox 541 4172 616 4256; x_wconf 88' lang='lat' dir='ltr'><strong>qual</strong></span> <span class='ocrx_word' id='word_1_321' title='bbox 646 4195 699 4237; x_wconf 87' lang='lat' dir='ltr'><strong>era</strong></span> <span class='ocrx_word' id='word_1_322' title='bbox 729 4172 911 4237; x_wconf 89' lang='lat' dir='ltr'><strong>testimonio</strong></span> <span class='ocrx_word' id='word_1_323' title='bbox 942 4171 979 4236; x_wconf 89' lang='lat' dir='ltr'><strong>de</strong></span> <span class='ocrx_word' id='word_1_324' title='bbox 1001 4191 1066 4234; x_wconf 90' lang='lat' dir='ltr'><strong>una</strong></span> <span class='ocrx_word' id='word_1_325' title='bbox 1087 4169 1230 4234; x_wconf 86' lang='lat' dir='ltr'><strong>sobcrvia</strong></span> <span class='ocrx_word' id='word_1_326' title='bbox 1296 4207 1306 4230; x_wconf 70' lang='lat'><em>0</em></span> 
     </span>
     <span class='ocr_line' id='line_1_38' title="bbox 94 4276 1231 4360; baseline 0.002 -24"><span class='ocrx_word' id='word_1_327' title='bbox 94 4291 185 4340; x_wconf 88' lang='lat' dir='ltr'><strong>nunca</strong></span> <span class='ocrx_word' id='word_1_328' title='bbox 212 4277 314 4360; x_wconf 81' lang='lat' dir='ltr'><strong>oyda,</strong></span> <span class='ocrx_word' id='word_1_329' title='bbox 350 4277 476 4342; x_wconf 84' lang='lat' dir='ltr'><strong>delente</strong></span> <span class='ocrx_word' id='word_1_330' title='bbox 508 4278 598 4342; x_wconf 91' lang='lat' dir='ltr'><strong>todos</strong></span> <span class='ocrx_word' id='word_1_331' title='bbox 631 4278 679 4342; x_wconf 91' lang='lat' dir='ltr'><strong>los</strong></span> <span class='ocrx_word' id='word_1_332' title='bbox 714 4277 882 4354; x_wconf 88' lang='lat' dir='ltr'><strong>bombres,</strong></span> <span class='ocrx_word' id='word_1_333' title='bbox 918 4276 1042 4340; x_wconf 88' lang='lat' dir='ltr'><strong>declaro</strong></span> <span class='ocrx_word' id='word_1_334' title='bbox 1074 4296 1135 4339; x_wconf 93' lang='lat' dir='ltr'><strong>con</strong></span> <span class='ocrx_word' id='word_1_335' title='bbox 1166 4296 1231 4338; x_wconf 88' lang='lat' dir='ltr'><strong>nna</strong></span> 
     </span>
    </p>
   </div>
   <div class='ocr_carea' id='block_1_3' title="bbox 95 4379 1228 4468">
    <p class='ocr_par' dir='ltr' id='par_1_3' title="bbox 95 4379 1228 4468">
     <span class='ocr_line' id='line_1_39' title="bbox 95 4379 1228 4468; baseline 0.009 -31"><span class='ocrx_word' id='word_1_336' title='bbox 95 4381 206 4447; x_wconf 69' lang='lat' dir='ltr'><strong>estrada</strong></span> <span class='ocrx_word' id='word_1_337' title='bbox 224 4383 422 4468; x_wconf 63' lang='lat' dir='ltr'><strong>arroganda,</strong></span> <span class='ocrx_word' id='word_1_338' title='bbox 444 4403 504 4467; x_wconf 88' lang='lat' dir='ltr'><strong>quc</strong></span> <span class='ocrx_word' id='word_1_339' title='bbox 516 4383 546 4446; x_wconf 93' lang='lat' dir='ltr'><strong>el</strong></span> <span class='ocrx_word' id='word_1_340' title='bbox 563 4405 617 4447; x_wconf 84' lang='lat' dir='ltr'><strong>era</strong></span> <span class='ocrx_word' id='word_1_341' title='bbox 624 4385 824 4468; x_wconf 88' lang='lat' dir='ltr'><strong>juntamente</strong></span> <span class='ocrx_word' id='word_1_342' title='bbox 833 4379 1228 4468; x_wconf 84' lang='lat' dir='ltr'><strong>EmperadoryPontifice.</strong></span> 
     </span>
    </p>
   </div>
   <div class='ocr_carea' id='block_1_4' title="bbox 0 0 1468 4996">
    <p class='ocr_par' dir='ltr' id='par_1_4' title="bbox 0 0 1468 4996">
     <span class='ocr_line' id='line_1_40' title="bbox 0 0 1468 4996; baseline 0 0"><span class='ocrx_word' id='word_1_343' title='bbox 0 0 1468 4996; x_wconf 95' lang='lat' dir='ltr'><strong> </strong></span> 
     </span>
    </p>
   </div>
  </div>
 </body>
</html>
