2930 4998
600 315 663 378 223

70 487 212 570 pontificis
235 491 360 554 animus
375 489 562 567 offendatur,
585 489 728 554 futurum
749 487 780 552 id
795 488 855 554 tibi
872 487 977 552 minus
1005 488 1201 553 commodum

69 593 102 655 ob
122 592 160 674 [T
168 593 216 677 iij]
239 616 289 658 res
313 593 452 672 Italicae,
477 593 515 657 de
537 593 652 676 quibus
674 591 848 676 periclitari
865 592 956 680 nolis.
988 591 1113 678 Magnae
1128 597 1204 658 sunt

10 755 12 784 Ξ
68 697 192 778 protecto
215 697 342 764 Satanas
365 698 559 780 subtilesque
582 701 677 761 artes.
722 695 802 760 Eece
832 719 925 781 quem
955 697 987 760 in
1015 696 1118 762 locum
1141 719 1201 774 res,

10 823 12 892 Ξ
66 803 152 886 ipsius
174 805 332 869 industria
354 804 558 886 consilioque,
582 803 722 867 deductae
747 802 822 866 sint.
870 801 986 866 Nonne
1008 803 1201 886 paradoxum

10 925 12 994 Ξ
67 907 151 970 rideri
174 908 267 973 debet
289 931 325 974 ac
348 910 382 974 in
414 907 525 991 primis
558 906 750 983 absurdum,
784 906 922 970 ecclesiae
954 907 1136 970 ministrum
1165 928 1202 971 eo

65 1012 200 1092 potentiae
224 1014 419 1096 pervenisse,
453 1017 489 1076 ut
519 1011 616 1076 etiam
646 1012 761 1076 summi
785 1031 874 1096 reges
897 1011 1000 1095 ipsum
1023 1013 1200 1090 observent,

64 1120 253 1180 revercantur
286 1121 317 1182 et
348 1116 474 1195 colant,
511 1120 547 1180 ut
578 1115 665 1180 illius
688 1115 836 1180 effrenem
860 1115 1020 1180 licentiam
1044 1137 1084 1180 ue
1107 1117 1202 1182 verbo
1282 1181 1285 1188 ,

65 1221 180 1303 quidem
206 1224 313 1288 ausint
336 1223 570 1308 reprehendere,
593 1225 719 1286 tantum
743 1221 840 1298 obest,
865 1223 901 1284 ut
917 1225 1088 1299 coerceant,
1110 1223 1204 1306 idque

11 1399 12 1418 Ξ
63 1331 153 1405 metu,
179 1349 219 1392 ne
242 1329 390 1394 damnum
416 1349 452 1392 ea
475 1347 523 1392 res
547 1326 626 1410 ipsis
649 1328 681 1390 et
703 1325 899 1390 luculentum
922 1325 1122 1409 dispendium
1145 1329 1201 1392 ad-

62 1429 155 1496 ferat?
201 1432 259 1496 Est
283 1433 327 1497 ita
350 1455 434 1511 sane,
458 1431 722 1516 quemadmodum
745 1453 807 1495 non
833 1451 905 1496 raro
923 1431 1065 1510 tortasse,
1089 1431 1202 1512 Ceasar,

61 1537 182 1620 cogitas,
206 1544 243 1601 ut
266 1538 304 1616 ei,
330 1539 385 1621 qui
408 1539 487 1603 velit
508 1537 539 1602 in
558 1536 654 1602 ltalia
668 1536 834 1615 dominari,
859 1537 908 1600 vel
924 1536 1019 1600 etiam
1035 1559 1092 1602 sua
1107 1539 1200 1616 tueri,

61 1641 213 1724 proposit
238 1643 413 1707 necessaria
445 1642 605 1726 pontificis
636 1641 749 1727 gratia.
796 1640 847 1706 Sic
875 1642 960 1706 euim
991 1643 1099 1708 omnia
1129 1665 1201 1728 per-

61 1745 172 1824 miscet,
196 1747 316 1826 turbat,
341 1749 489 1825 involvit,
514 1748 687 1824 subvertit,
712 1747 888 1832 corrumpit
909 1769 945 1812 ac
968 1747 1134 1826 labefacit,
1166 1752 1202 1812 ut

60 1852 222 1916 consistere
244 1852 297 1916 vix
321 1852 435 1936 aliquis
458 1853 492 1916 in
523 1852 624 1937 gradu
655 1852 771 1936 possit,
803 1851 865 1916 nisi
895 1851 1051 1916 fautorem
1086 1851 1203 1918 habeat

60 1955 141 2019 illurn
165 1962 198 2022 et
221 1956 418 2022 benevolum.
450 1956 546 2021 Multi
562 1978 643 2040 saepe
661 1977 752 2041 reges
775 1977 810 2020 ac
834 1955 993 2040 principes
1016 1956 1076 2022 hoc
1099 1957 1202 2041 ipsum

59 2062 173 2145 experti
189 2066 274 2140 sunt,
299 2085 399 2146 neque
415 2063 528 2126 desunt
545 2063 603 2126 hac
618 2065 710 2126 aetate
726 2065 844 2138 nostra,
869 2063 924 2145 qui
939 2064 1051 2126 testari
1067 2063 1200 2146 possint,

59 2167 126 2247 quid
150 2167 229 2252 ipsis
252 2169 408 2234 acciderit.
455 2168 541 2235 Hinc
563 2169 639 2234 adeo
662 2167 716 2246 fit,
749 2172 785 2232 ut
817 2168 883 2250 ejus
910 2169 1082 2233 amicitiam
1106 2168 1200 2232 vehe-

57 2275 172 2336 menter
195 2277 347 2358 expetant
370 2273 565 2352 monarchac,
596 2278 632 2337 ut
662 2272 762 2336 modis
792 2273 939 2337 omnibus
964 2294 1090 2356 operam
1114 2273 1200 2353 dent,

617 2444 634 2484 l*

56 2609 119 2649 aum
144 2608 274 2671 grossen
298 2585 508 2651 beschwernis
530 2585 595 2649 und
619 2585 781 2650 nachtheil
802 2583 929 2649 reichen
945 2583 1060 2650 mdcht.
1092 2585 1135 2650 Es
1159 2587 1202 2650 ist

56 2692 99 2753 ein
124 2691 318 2756 wunderlich
343 2713 443 2756 wesen
468 2691 544 2755 rrmb
567 2693 620 2756 des
643 2689 757 2756 Sataus
780 2690 995 2776 arglistiglreit
1022 2692 1086 2755 und
1109 2712 1201 2774 prac-

55 2797 165 2874 ticlren,
190 2797 266 2861 Man
290 2797 430 2871 schawe,
454 2795 560 2860 wohin
584 2818 615 2860 es
638 2795 809 2880 gerathen,
833 2795 896 2859 Iste
919 2796 968 2859 nit
991 2817 1048 2880 gar
1070 2797 1201 2884 saltuem

11 2903 12 2906 ’
55 2905 89 2966 ad
110 2901 231 2979 hdren,
255 2903 310 2965 das
333 2903 384 2966 ein
408 2901 673 2978 Kirohendiener,
706 2906 743 2966 ad
770 2899 908 2965 solchem
931 2921 1061 2983 grossen
1084 2902 1201 2986 gewalt

53 3006 258 3091 auffgestigen
282 3007 344 3083 ist,
377 3007 432 3070 das
462 3007 506 3070 im
529 3005 609 3071 auctr
633 3007 682 3070 die
705 3010 812 3091 grtiete
836 3006 1025 3071 Potentatcn
1049 3007 1103 3071 der
1125 3008 1201 3070 welt

53 3109 179 3189 lrofiren,
197 3111 251 3175 das
267 3111 312 3174 sie
326 3109 370 3173 im
387 3109 493 3175 seinen
511 3106 659 3175 thermut
675 3111 739 3176 und
755 3109 871 3194 gewalt
886 3115 1045 3194 gastatten
1062 3106 1199 3190 mdssen,

52 3216 110 3278 und
134 3214 241 3280 nichts
263 3210 363 3280 ddren
386 3215 541 3279 darwider
563 3235 679 3298 sagon,
708 3235 764 3277 aus
787 3213 908 3294 forcht,
938 3237 970 3279 es
993 3215 1100 3279 m‘ootrt
1124 3217 1198 3279 ineu

53 3319 81 3383 in
103 3321 146 3385 vil
171 3343 241 3405 weg
264 3320 439 3404 nachteilig
471 3319 565 3384 sein?
611 3319 653 3382 Es
687 3321 729 3382 ist
763 3319 860 3383 leider
891 3319 978 3396 alec,
1014 3320 1073 3383 wie
1095 3319 1131 3383 Ε.
1155 3320 1199 3384 Μ.

55 3429 129 3489 elwa
152 3427 340 3504 betrachtet,
364 3427 429 3490 und
453 3425 509 3490 hat
532 3426 582 3488 eiu
606 3425 711 3488 solche
735 3425 862 3508 gestalt,
885 3423 1020 3488 welcher
1035 3425 1068 3488 in
1085 3423 1200 3490 ltalien

53 3530 224 3614 gedenclret
247 3534 285 3595 zd
307 3531 487 3608 herrschcn,
513 3531 577 3594 und
593 3531 701 3594 seinen
717 3529 811 3593 stand
827 3533 865 3594 ad
881 3529 1035 3606 erhalten,
1060 3531 1114 3594 das
1130 3531 1201 3594 dem

51 3658 88 3698 un
117 3637 170 3700 des
194 3636 310 3722 Bapsts
341 3641 439 3721 gunst
468 3637 533 3700 und
564 3633 788 3698 freuntschafft
823 3655 880 3717 gar
904 3634 947 3697 vil
981 3635 1113 3719 gelegen
1148 3636 1199 3699 ist.

51 3739 138 3804 Denn
162 3764 197 3806 er
220 3740 440 3820 vermisohats,
476 3742 671 3818 verwirrets,
704 3741 767 3802 und
790 3739 960 3804 bestichets
984 3739 1200 3804 allenthalben

51 3847 246 3924 dermasscn,
282 3847 337 3910 das
369 3869 442 3911 man
472 3847 563 3911 nicht
584 3847 643 3920 wol
668 3865 724 3910 vor
747 3845 791 3908 im
824 3844 949 3909 bleiben
980 3844 1062 3922 tran,
1097 3867 1144 3908 wo
1167 3867 1202 3910 er

51 3950 149 4014 einem
173 3951 290 4016 ablrold
321 3953 373 4017 ist.
419 3951 461 4016 Ee
495 3952 615 4016 habens
649 3952 707 4015 offt
740 3951 784 4014 vil
817 3949 1054 4014 hochltiblicher
1077 3949 1200 4028 Kaisar,
1323 3969 1335 3990 ·

50 4057 125 4121 auch
149 4058 265 4121 andere
280 4057 389 4142 Ktinig
410 4059 471 4122 wol
494 4057 667 4133 versdchet,
692 4056 757 4121 und
781 4055 863 4120 noch
886 4053 1020 4138 hewtige
1038 4059 1109 4139 tage
1132 4059 1201 4117 md-

49 4181 105 4242 gen
121 4163 238 4227 etlicha
253 4162 443 4227 Potentaten
460 4163 521 4226 wol
543 4161 613 4245 [52]
637 4162 804 4246 bezeugen,
830 4182 893 4224 was
917 4159 990 4222 inen
1014 4158 1200 4224 widerfaren

49 4266 96 4329 ist.
142 4267 251 4332 Daher
274 4268 358 4346 darm
380 4268 510 4351 kompt,
546 4267 696 4330 daemon
720 4267 796 4330 urnb
820 4264 1023 4342 inenbdlet,
1056 4265 1121 4328 und
1144 4267 1199 4330 das

49 4372 113 4437 sich
137 4377 187 4438 eiu
212 4373 298 4438 iader
321 4373 498 4450 bcfleissct,
533 4373 641 4436 seineu
673 4375 772 4456 gunst
794 4373 832 4435 atr
855 4370 1017 4435 bokomen.
1064 4369 1101 4433 In
1126 4369 1200 4436 wel-
