2930 4998
10 543 12 570 1
70 527 174 594 Nonne
195 527 247 594 vel
267 525 335 594 hac
356 525 423 592 sola
444 526 510 611 ejus
533 525 667 612 epistola
689 526 833 604 testatur,
857 523 961 611 ipsum
985 524 1054 590 ideo
1077 517 1206 610 potissi-

10 675 12 696 1
68 658 142 700 mum
164 638 197 700 et
225 637 259 700 in
289 634 401 719 primis
430 655 543 720 cupere
573 632 732 718 pacificari
760 629 968 708 monarchas,
1004 634 1057 708 ut,
1092 630 1205 695 horum

10 759 12 858 p
68 727 191 824 adjutus
208 740 376 825 praesidio,
408 739 552 805 funditus
585 739 687 804 delere
716 738 837 823 possit,
872 737 955 822 quod
978 736 1039 802 sibi
1061 737 1205 802 omniurn

67 869 159 912 rerum
183 847 314 912 minime
336 845 499 914 ferendum
528 867 595 910 esse
629 844 733 922 videt,
768 841 919 910 doctrinae
951 844 1075 926 genus?
1120 840 1206 908 Ante

67 952 173 1016 bellum
190 943 240 1016 ait
252 951 285 1014 in
302 951 472 1016 Germania
487 973 552 1016 uon
568 950 709 1016 extitisse
724 950 865 1016 haereses
897 946 999 1012 Immo
1019 969 1102 1026 vero,
1126 969 1205 1032 quo·

67 1058 141 1122 niam
164 1057 232 1148 ipse
263 1078 321 1141 per
350 1057 470 1120 omneis
491 1055 625 1140 Europae
654 1055 832 1140 provinciae
861 1052 1078 1118 disseminavit
1107 1051 1207 1118 loedaa

67 1166 91 1226 ct
110 1160 339 1246 ignominiosas
362 1160 511 1238 haereses,
544 1160 658 1226 ideirco
682 1182 746 1225 non
770 1161 862 1225 bellis
885 1164 1028 1238 tautum,
1058 1159 1112 1222 sed
1134 1156 1206 1223 aliis

10 1283 12 1350 1
66 1289 180 1352 quoque
204 1267 314 1332 multis
343 1266 569 1332 acerbitatibus
598 1266 789 1332 divexamur.
835 1265 894 1331 Sed
928 1269 960 1330 et
986 1286 1023 1330 ea
1052 1263 1205 1342 doctriua,

10 1401 12 1444 1
65 1395 148 1456 quam
172 1372 318 1438 haeresim
339 1375 438 1450 vocat,
461 1375 568 1438 ortum
590 1370 703 1436 habuit
726 1373 800 1436 ante
825 1369 940 1435 bellurn
963 1371 1060 1447 istud,
1083 1369 1121 1434 de
1142 1390 1205 1453 quo

10 1491 12 1510 ⁴
64 1477 214 1562 loquitur,
246 1480 296 1554 et,
327 1497 419 1560 quam
444 1479 551 1560 sperat
574 1476 714 1540 suturam
737 1497 842 1540 rerum
866 1475 1134 1552 vicissitudinem,
1169 1494 1206 1538 ea

10 1581 12 1654 1
64 1606 139 1649 nuuc
161 1588 210 1649 est
232 1583 367 1648 adducta
389 1582 511 1666 pridem
536 1585 569 1646 et
591 1580 685 1646 rebus
708 1580 855 1645 humanis
885 1580 994 1660 illato,
1029 1579 1089 1644 Dei
1111 1579 1206 1643 bene·

622 1704 641 1746 0

11 1819 12 1850 1
65 1796 150 1879 [133]
181 1793 274 1860 Ceste
298 1794 382 1860 seule
403 1793 532 1879 Epistre
563 1794 674 1860 sienne
704 1815 742 1857 ne
770 1793 1008 1878 temoigneelle
1041 1813 1097 1876 pas
1127 1790 1206 1875 qu’il

10 1935 12 1940 ·
65 1902 156 1966 desire
178 1899 311 1966 l’acoord
335 1903 424 1965 entre
447 1901 492 1965 les
515 1899 723 1985 Monarques,
747 1899 810 1964 aliu
834 1899 906 1983 qu’a
928 1897 1012 1964 leurs
1035 1917 1160 1962 sccours
1181 1895 1206 1961 il

10 2031 12 2050 2
63 2007 160 2089 puisse
190 2006 381 2071 exterminer
409 2026 443 2070 ce
474 2027 572 2092 genre
600 2007 637 2071 de
669 2006 810 2072 doctrine
833 2005 887 2090 qui
909 2026 964 2068 sur
986 2007 1058 2068 tout
1080 2003 1136 2088 luy
1158 2004 1206 2067 est

63 2113 269 2197 importeble?
314 2111 342 2177 ll
366 2112 413 2176 dit
436 2109 586 2196 qu'avant
616 2111 647 2177 la
675 2133 787 2197 guerre
816 2111 839 2175 il
872 2111 927 2195 u’y
954 2110 1040 2174 avoit
1069 2127 1206 2172 aucunes

63 2217 191 2283 heresias
213 2239 252 2282 en
268 2216 454 2302 Alemagne.
488 2215 568 2282 mais
590 2239 630 2282 au
652 2215 818 2292 contraire,
843 2235 959 2298 pouroe
982 2212 1061 2297 qu'il
1083 2210 1205 2276 esame

10 2381 12 2386 .
63 2323 177 2388 d¹0rdes
199 2329 232 2388 ct
255 2323 389 2386 infames
412 2321 547 2388 heresias
571 2344 628 2406 par
650 2325 754 2386 toules
776 2320 821 2384 les
846 2316 1009 2404 provinces
1037 2315 1202 2399 d'Europe,

63 2430 180 2493 acesto
203 2451 295 2494 cause
317 2449 397 2494 nous
421 2449 554 2494 sommes
578 2428 672 2511 [134]
706 2429 897 2501 tormenten,
930 2445 995 2488 non
1024 2423 1062 2488 de
1090 2426 1217 2508 guerra

12 2571 18 2582 ·
62 2532 239 2611 seulement,
263 2533 333 2598 aius
355 2531 438 2596 aussi
462 2532 499 2596 de
522 2531 678 2616 plusieurs
701 2520 807 2598 autres
830 2529 959 2594 miseras
981 2531 1014 2593 et
1028 2525 1202 2593 calamiten.

10 2695 12 2700 .
62 2636 107 2702 Au
128 2638 244 2722 regard
267 2638 304 2703 de
333 2638 365 2703 la
387 2637 550 2715 doctrine,
583 2637 661 2721 qu'il
684 2636 808 2721 appelle
831 2633 982 2711 Heresie,
1017 2631 1077 2696 elle
1099 2653 1117 2695 a
1140 2629 1206 2696 0016

61 2744 189 2808 0100060
212 2743 328 2808 devant
350 2747 432 2808 ceste
454 2763 568 2827 guerre
589 2742 667 2807 dont
689 2743 714 2806 il
736 2742 839 2826 parler
873 2744 906 2806 et
934 2740 964 2804 le
994 2737 1206 2822 ehaugement

62 2849 133 2928 qu’il
157 2869 266 2932 cepere
289 2847 396 2913 devoir
418 2847 537 2926 avenir,
560 2851 608 2912 est
630 2847 715 2932 deeja
738 2847 799 2912 leit
820 2868 877 2930 par
900 2845 1039 2930 lagraoe
1055 2842 1094 2908 de
1108 2839 1205 2908 Dieu:

10 593 12 674 l

10 699 12 756 1

622 2971 642 3008 θ

61 3056 126 3140 [62]
160 3055 214 3122 No
247 3057 287 3122 da
317 3057 410 3122 harto
443 3057 589 3123 bastante
623 3057 807 3122 testimonio
840 3056 907 3122 sola
939 3057 1005 3120 esta
1038 3075 1075 3117 su
1109 3053 1205 3129 carta,

60 3163 183 3243 quaudo
214 3183 255 3226 00
284 3162 405 3230 uviesse
434 3165 503 3226 otra
533 3183 624 3240 cosa,
656 3184 717 3246 que
746 3183 805 3246 por
838 3183 906 3226 esso
939 3157 1206 3244 prinoipalmente

60 3266 162 3332 dessea
186 3287 248 3350 que
270 3269 357 3330 esteu
381 3265 567 3350 pacifioados
590 3267 636 3332 los
652 3265 764 3352 Reyes,
788 3289 866 3351 para
887 3286 948 3349 que
970 3285 1029 3330 con
1052 3261 1082 3327 el
1104 3260 1208 3346 ayuda

60 3372 92 3435 de
113 3372 207 3436 todos
228 3371 308 3436 ellos
331 3370 433 3456 pueda
454 3372 609 3454 pervertit
630 3394 651 3456 y
674 3371 821 3456 destruyr
843 3372 935 3436 hasta
950 3370 996 3436 los
1016 3367 1205 3438 fundamen·

60 3480 103 3542 100
125 3481 194 3542 este
218 3496 335 3561 genero
358 3474 395 3540 de
417 3464 580 3553 doctriua,
605 3497 726 3560 queen
749 3476 840 3540 todae
864 3497 1008 3540 maneres
1029 3476 1059 3540 10
1081 3471 1207 3555 comple

60 3605 76 3644 a
96 3583 134 3660 el,
159 3603 223 3666 que
246 3602 289 3644 00
312 3601 439 3665 paresca
461 3602 500 3644 eu
523 3582 552 3646 el
574 3581 717 3646 mundo?
753 3580 839 3646 ·Dize
868 3603 928 3664 que
951 3584 1040 3646 autes
1063 3577 1214 3651 (1000100

60 3709 188 3770 guerras
218 3707 261 3751 00
293 3685 363 3751 avia
393 3685 536 3770 heregias
566 3708 605 3750 eu
629 3685 812 3752 Alemauia:
856 3685 958 3750 Autee
987 3705 1046 3768 por
1074 3703 1147 3748 aver
1178 3679 1207 3744 el

60 3791 223 3856 sembrado
246 3811 306 3873 por
332 3791 422 3854 tedas
451 3790 498 3854 las
525 3790 703 3876 provincias
734 3791 771 3856 de
794 3791 940 3874 Europa,
975 3786 1163 3854 detestablee
1186 3807 1207 3870 y

59 3895 286 3980 ignominiosas
317 3895 476 3980 benagius,
509 3917 611 3962 somos
643 3917 682 3960 en
711 3897 848 3961 diversas
872 3916 1015 3962 maneres
1038 3891 1207 3977 latigadon,
1253 3971 1259 3985 ι

59 4021 96 4064 no
118 4003 377 4066 solamentecou
401 4021 550 4086 guerras,
585 4021 660 4086 pero
691 4023 753 4064 aun
785 4023 843 4066 con
874 4004 959 4066 otras
983 3998 1112 4064 10001100
1133 3996 1207 4060 hor·

59 4107 167 4172 rendae
184 4105 395 4172 calamidades
410 4127 431 4190 y
446 4106 594 4190 trabajos.
629 4105 706 4170 Pero
716 4095 783 4170 ‘aun
800 4106 941 4172 tambien
964 4107 1031 4168 esto
1053 4101 1208 4180 (10011100,

59 4211 126 4276 ala
147 4211 227 4295 qual
250 4210 280 4276 el
302 4211 399 4276 llama
430 4211 578 4297 heregia,
613 4233 761 4299 comenpo
789 4216 880 4276 antes
908 4211 998 4276 desta
1026 4230 1140 4295 guerra
1170 4206 1209 4271 de

59 4337 114 4397 que
137 4316 168 4381 el
193 4315 307 4380 habla:
331 4317 406 4414 ylla
428 4317 583 4404 mudauce
606 4339 666 4401 que
689 4339 798 4401 espera
814 4338 873 4400 que
889 4337 964 4380 avra
979 4337 1017 4380 00
1034 4314 1064 4380 01
1079 4314 1206 4392 mundo,

58 4445 95 4505 yn
116 4422 160 4488 ha
182 4420 253 4487 dias
276 4443 337 4506 que
359 4443 392 4491 es
413 4422 544 4502 venida,
576 4423 734 4511 y-trayda
755 4445 775 4488 a
796 4423 843 4488 los
865 4421 1012 4490 hombres
1034 4441 1093 4506 por
1115 4427 1206 4487 00110-
