2902 4996
578 349 640 419 179

45 530 118 610 falsi,
140 531 213 594 dum
237 531 337 606 illud,
373 529 456 614 quod
488 528 527 592 ab
556 527 634 612 ipsis
662 547 780 612 magua
811 521 989 591 temeritate
1010 527 1180 592 eonfiotum

45 641 94 714 est,
115 636 290 700 obtrudunt
313 633 401 712 orbi,
427 631 514 697 velut
538 635 770 696 sacrosanctum
794 635 825 695 et
848 631 1074 698 authenticum.
1120 631 1180 696 Sed

44 745 193 823 uteunque
216 739 268 816 sit,
291 736 528 802 aConstantini
547 735 743 818 temporibus
764 735 946 798 extulerunt
969 737 1100 814 animos,
1125 759 1180 801 ne-

44 866 96 926 que
116 865 208 927 pares
230 842 399 906 voluerunt
421 861 489 904 esse
507 839 636 922 reliquis
652 839 814 922 episeopis.
845 837 888 902 Elt
903 839 978 922 quia
992 861 1181 924 propensam

45 971 112 1034 erga
133 971 167 1013 se
188 947 339 1013 videbant
362 947 519 1012 Caesarum
551 945 767 1021 voluntatem,
801 943 958 1027 putabant
985 947 1181 1010 occasionem

42 1056 117 1119 hane
137 1054 270 1118 minime
292 1051 615 1137 praetermittendam,
638 1053 670 1113 et
692 1049 897 1114 auferendum
920 1049 960 1114 ab
982 1051 1180 1134 imperatori-

42 1161 92 1223 bus
115 1161 272 1241 quantum
295 1158 363 1221 fieri
385 1159 507 1240 posset,
540 1155 661 1218 interea
691 1156 764 1218 dum
787 1153 836 1218 illi
859 1175 972 1218 novam
996 1155 1183 1242 religionem

41 1270 68 1328 et
97 1263 331 1328 admirarentur
360 1266 391 1325 et
422 1259 621 1324 vehementer
653 1263 805 1322 amarent.
857 1257 996 1343 scopus,
1031 1283 1093 1345 quo
1125 1283 1183 1326 sua

40 1368 97 1432 tela
119 1365 320 1450 dirigebant,
353 1363 405 1428 hio
427 1365 504 1440 erat,
527 1367 564 1425 ut
587 1359 744 1426 Caesarum
768 1363 930 1427 voluntate
951 1363 1061 1428 liceret
1084 1365 1180 1454 ipsisl

3 1497 4 1540 3
41 1471 258 1536 auctoritatem
290 1489 442 1552 usurpare
474 1468 506 1530 in
537 1465 729 1551 reliquarum
752 1468 986 1550 provinciarum
1010 1469 1181 1554 episcopos.

40 1575 173 1641 Duravit
194 1575 262 1638 lraeo
284 1573 416 1638 ambitio
439 1593 495 1656 per
517 1593 617 1637 annos
648 1571 714 1635 fere
742 1577 918 1651 trecentos,
953 1595 1015 1658 quo
1045 1576 1183 1658 primum

41 1687 196 1765 tempore,
232 1680 316 1764 quod
338 1679 502 1766 volebant,
538 1678 751 1761 impetrarunt
783 1678 824 1740 ab
857 1679 1046 1762 imperatore
1069 1679 1182 1746 Pboou.

41 1785 95 1852 Sed
120 1785 233 1850 multis
256 1781 349 1848 annis
371 1787 579 1864 anteaquam
603 1781 663 1845 hoa
678 1782 909 1866 impetrassent,
934 1785 1104 1850 amiserant
1119 1786 1184 1850 Ito-

40 1892 123 1958 mani
145 1888 297 1974 quiequid
322 1909 428 1952 versus
451 1886 643 1951 oooideutem
667 1887 762 1950 solem
786 1889 1004 1972 possederant,
1039 1896 1071 1955 et
1093 1913 1184 1957 oceu-

39 2000 152 2081 parant
175 1995 233 2058 illa
254 1993 398 2057 nationes
420 1991 571 2069 barbarae,
596 1992 648 2055 sed
672 1994 704 2054 et
726 1989 820 2056 Italia
842 1993 1001 2058 diuturnis
1017 1997 1185 2062 admodum

39 2101 251 2186 gravibusque
274 2097 365 2162 bellis
395 2094 605 2181 affligebatur.
651 2094 702 2160 Sin
732 2096 807 2160 adeo
830 2095 965 2162 Caesares
995 2123 1089 2166 omne
1117 2107 1184 2167 stu·

38 2208 122 2271 dium
147 2205 188 2269 ad
216 2202 385 2267 orientales
414 2221 486 2265 oras
516 2205 760 2278 eonverterunt,
795 2201 908 2285 quibus
942 2203 976 2267 in
1007 2206 1098 2269 louis·
1114 2227 1185 2272 oum

38 2311 204 2386 haererent,
229 2311 340 2371 ustum
361 2309 410 2370 est
431 2307 560 2372 tandem
583 2305 737 2370 intereos
761 2311 793 2370 et
809 2297 1185 2397 Romanum'episeopum

38 2438 99 2481 non
136 2415 206 2478 leve
240 2411 404 2498 dissidium
433 2411 527 2476 variis
561 2411 598 2474 de
631 2407 740 2474 causis.
788 2412 877 2488 Quod
908 2435 978 2476 eum
1010 2421 1091 2478 esset
1113 2439 1185 2500 per·

39 2521 188 2596 tinaeius,
213 2522 244 2582 et
268 2516 368 2611 indies
391 2516 493 2601 magis
516 2520 610 2599 atque
628 2516 730 2600 magis
745 2521 933 2600 augesceret,
957 2517 1093 2582 Romani
1108 2543 1188 2603 pou-

604 2633 622 2674 8

37 2733 132 2797 reden
156 2729 209 2792 die
231 2727 315 2804 welt,
338 2747 371 2790 es
393 2725 438 2789 sei
460 2723 699 2788 Anthentieum.
731 2723 802 2788 Wie
825 2724 895 2790 dem
917 2728 1002 2806 aber,
1027 2729 1185 2794 so'habeu

37 2840 78 2902 sie
111 2835 214 2918 doeh,
245 2832 396 2896 uaohdem
419 2829 530 2894 Keiser
553 2828 780 2893 Constantinus
811 2851 945 2896 unseren
968 2833 1105 2918 glauben
1129 2857 1186 2900 an-

35 2960 228 3025 genomman
251 2938 317 3016 bat,
341 2938 437 3000 etwas
453 2934 543 2998 mehr
558 2934 671 2998 wi'slleu
688 2936 764 3015 sein,
789 2936 873 2999 daun
889 2938 1002 3001 andere
1021 2939 1184 3008 Bischoffe.

35 3045 151 3111 Heben
177 3043 322 3128 gedaoht,
346 3065 420 3105 suan
443 3041 598 3104 sollerias
620 3040 705 3104 eiseu
729 3040 911 3117 sohmideu,
947 3042 1038 3106 dweil
1061 3065 1093 3108 es
1116 3045 1184 3110 heis

34 3151 93 3226 ist,
118 3150 189 3212 und
211 3149 262 3212 bei
286 3148 344 3211 den
368 3167 477 3210 newen
501 3143 609 3208 Christ
630 3145 817 3228 gemachteu
842 3145 1012 3226 Keiseren,
1050 3155 1113 3213 wiir
1136 3153 1186 3216 uit

35 3253 229 3320 sehwiirlioh
254 3257 349 3317 etwas
372 3256 410 3316 nd
433 3251 592 3334 erlangeu.
639 3249 672 3313 Ir
694 3250 839 3314 besohlus
861 3252 917 3315 hut
940 3247 1044 3316 dahir'r‘
1058 3259 1186 3338 gestan-

33 3363 104 3438 den,
131 3343 340 3423 Jurisdietiou
364 3359 427 3421 und
451 3358 576 3442 gewalt,
607 3353 684 3420 ther
707 3357 821 3420 andere
844 3355 1001 3421 Bisahoffe
1023 3361 1088 3422 uud
1112 3357 1187 3422 Kir-

33 3467 127 3542 ehen,
153 3467 193 3527 mi
216 3463 380 3526 behomen.
413 3461 505 3526 Diser
527 3462 667 3545 ehrgeita
689 3462 746 3525 hat
769 3462 848 3525 auch
867 3462 915 3525 bis
931 3463 964 3525 in
980 3463 1030 3526 die
1045 3463 1088 3546 iij.
1103 3465 1186 3528 huu-

32 3573 105 3636 dert
125 3571 181 3653 jar
207 3567 370 3644 heharret,
405 3569 468 3632 und
500 3567 640 3631 endtlioh
664 3566 765 3630 haben
790 3567 835 3631 sie
857 3589 889 3631 es
912 3567 962 3631 bei
985 3569 1054 3631 dem
1078 3569 1188 3633 Keiser

33 3677 162 3741 Phooas
185 3673 340 3736 erhelteu.
386 3671 449 3734 Das
473 3673 515 3734 ist
544 3672 588 3736 ire
611 3671 846 3748 Preeminenta,
878 3671 955 3734 Jure
978 3673 1093 3736 divino.
1140 3673 1189 3738 Da

33 3782 108 3845 sind
130 3779 182 3843 sie
205 3799 271 3840 uun
295 3777 388 3840 stoltz
411 3776 546 3840 worden.
582 3776 647 3840 Hat
664 3776 730 3840 siah
753 3776 869 3839 etliehe
891 3776 951 3839 neit
974 3776 1112 3840 darnaeb
1134 3781 1188 3841 mi-

32 3891 214 3972 getragen,
250 3882 304 3946 das
337 3882 382 3945 sie
416 3883 475 3944 mit
505 3882 576 3945 dem
599 3880 819 3945 Orientiseheu
842 3881 953 3945 Keiser
976 3882 1072 3965 (deun
1096 3885 1189 3970 lange

31 3991 97 4056 neit
122 4010 182 4052 vor
215 3987 295 4050 irem
325 3988 489 4072 erlaugten
520 3987 587 4049 und
617 3986 836 4071 abgebetelten
860 3985 1001 4063 Prinrat,
1037 4009 1101 4050 war
1135 3988 1190 4051 dus

34 4091 267 4161 Occidentisoh
289 4091 405 4168 Reioh,
442 4092 501 4155 den
525 4091 680 4156 ltdmereu
703 4092 892 4176 zhgehdrig,
927 4092 1090 4171 verloren,
1124 4095 1190 4156 und

32 4199 139 4265 durch
162 4197 281 4261 andere
296 4195 455 4260 Nationes
478 4197 700 4282 eingenomen)
725 4198 758 4260 in
781 4219 890 4282 grosse
912 4197 1111 4281 uueiniglreit
1133 4198 1189 4262 liu*-

32 4329 111 4372 men
136 4303 221 4367 sind.
267 4299 447 4365 Derhalben
470 4302 554 4365 daun
578 4301 632 4366 der
655 4301 754 4365 Babst
777 4301 902 4385 (vorhin
926 4300 1111 4364 ltdmischer
1137 4300 1191 4365 Bi-

32 4409 144 4478 sehoff
164 4407 303 4494 genunt)
328 4407 406 4474 nauh
423 4407 491 4472 dem
509 4407 630 4472 solcher
645 4407 743 4473 zanek
761 4407 824 4472 und
843 4406 1072 4490 rerbitterung,
1095 4407 1191 4492 lange

925 4509 957 4564 12
968 4510 982 4540 *
