2930 4998
17 731 18 740 c

17 807 19 824 l

17 857 18 870 l

17 893 18 904 c

17 919 18 938 l

17 1251 18 1288 l

17 1309 19 1356 l

608 337 670 403 207

81 514 185 579 derant.
230 511 305 578 Nou
328 513 472 598 ignoras,
508 532 603 596 quam
634 509 808 576 liberaliter
837 509 962 593 ipsum,
995 509 1155 594 captivum
1178 513 1212 576 et

80 620 141 684 belli
158 619 228 702 jure
260 623 351 683 tuum
379 617 518 698 factum,
553 617 587 681 in
621 615 791 700 pristinum
821 616 924 680 locum
956 618 989 680 et
1020 617 1210 704 dignitatem

79 723 248 800 restitueris,
264 725 459 807 quantopere
474 722 560 786 illius
575 743 625 787 res
643 743 750 786 omnes
766 720 827 786 tibi
842 741 924 785 curoe
939 720 1068 798 fuerint,
1086 723 1211 806 quando

78 827 280 910 pacificatione
302 827 388 892 facta
411 849 481 892 cum
505 825 681 891 Galliarum
705 847 778 910 rege
801 823 1026 909 promittebas,
1060 829 1092 890 te
1112 827 1211 891 simul

78 936 103 995 ct
121 953 222 1016 regem
244 932 373 996 daturos
396 951 542 1016 operam,
572 934 608 996 ut
630 930 746 1014 oppida
779 929 940 1013 quadam,
971 951 1041 1014 qum
1063 931 1211 996 dicuntur

77 1038 107 1100 ad
127 1036 261 1102 ecclesiae
277 1037 428 1102 Romanae
442 1037 671 1120 patrimonium
697 1036 865 1120 pertinere,
886 1035 1033 1102 manibus
1053 1057 1210 1120 possesso-

76 1165 134 1205 rum
156 1145 281 1226 erepta‚
315 1141 525 1206 restitueretis
547 1141 675 1205 eisdem.
722 1140 920 1216 Meministi,
955 1145 1076 1224 quanta
1098 1141 1158 1206 fide
1180 1149 1213 1207 et

76 1247 232 1332 diligentia
249 1248 369 1331 juveris
391 1246 494 1330 ipsum
527 1267 563 1310 eo
594 1246 695 1323 bello,
726 1245 810 1329 quod
833 1246 865 1308 in
889 1244 1090 1312 Florentinos
1113 1248 1213 1313 movit

17 1361 18 1424 ἶ
75 1351 310 1416 acerbissimum.
356 1349 562 1428 Recordaris‚
598 1371 660 1434 quo
691 1349 886 1434 tem[S]pore
915 1349 1093 1416 Germaniae
1122 1351 1212 1436 prin·

17 1447 18 1478 ³
75 1457 147 1540 cipes
177 1478 214 1520 ac
244 1455 369 1520 ordines
392 1454 578 1540 gravissime
601 1454 874 1538 conquerebantur
903 1455 941 1520 ds
964 1455 1213 1522 Romanensium

16 1687 18 1760 l

16 1781 18 1824 l

16 1827 18 1848 c

16 1895 17 1964 ᾖ
73 1878 298 1961 implorassent,
321 1876 505 1955 recordaris¹
528 1877 668 1960 inquam,
690 1882 727 1940 ut
749 1877 783 1940 in
806 1877 943 1962 gratiam
964 1879 1124 1962 pontilicis
1147 1879 1214 1945 haeo
1308 1939 1312 1946 .

74 1563 199 1627 avaritia
221 1565 253 1626 et
275 1560 461 1646 tyrannide,
494 1581 564 1624 cum
597 1581 723 1638 eorum,
758 1581 828 1644 quae
851 1561 1021 1645 cupiebant
1043 1563 1212 1642 curandam,

75 1669 186 1750 capita,
214 1666 332 1750 scripto
354 1665 595 1749 comprehensa,
628 1665 788 1750 pontilicis
811 1666 916 1751 legato
939 1665 1156 1732 exhibuissent
1178 1669 1212 1732 in

74 1773 191 1855 publico
215 1771 341 1856 imperii
363 1770 511 1849 comitio,
543 1774 693 1855 tuamque
715 1770 809 1835 fidem
832 1771 928 1836 etiam
952 1771 986 1836 in
1016 1793 1068 1850 eo,
1100 1771 1213 1854 Caesar,

72 1985 172 2049 omnia
195 1982 423 2086 dissimularis,
459 1981 540 2048 sicut
568 1981 603 2046 in
626 1981 762 2066 quodam
784 1984 840 2046 tuo
863 1982 981 2067 scripto
1002 1983 1114 2048 fateris
1136 1985 1212 2069 ipsc.

73 2088 137 2155 Non
161 2090 279 2156 excidit
301 2089 371 2167 cibi,
394 2111 490 2174 quam
512 2090 614 2154 multa
636 2110 694 2173 pro
716 2089 873 2174 dignitate
888 2088 954 2172 ejus
969 2089 1087 2154 tuenda
1102 2089 1212 2153 feceris

16 2267 17 2276 ἦ
73 2196 101 2258 in
122 2196 259 2261 comitiis
284 2195 489 2280 Augustanis.
527 2193 658 2260 Hareni
680 2194 783 2260 adhuc
803 2196 949 2279 impressi
972 2196 1006 2259 in
1030 2196 1137 2261 animo
1158 2200 1215 2262 tuo

73 2323 227 2368 sermones
258 2300 328 2379 illi,
362 2300 458 2366 dubio
492 2299 623 2384 procul,
657 2322 752 2384 quos,
786 2299 995 2366 eGermania
1016 2321 1157 2366 reversus
1180 2303 1215 2366 in

15 2433 16 2504 }
72 2404 203 2484 ltaliam,
228 2404 301 2469 inde
324 2405 530 2489 navigaturus
553 2405 586 2468 in
611 2403 793 2488 Hispanias,
817 2427 887 2470 cum
911 2427 946 2470 eo
969 2407 1135 2471 contulisti
1150 2407 1215 2472 Bo-

15 2519 16 2524 ’
74 2513 171 2576 nonies
195 2513 233 2576 de
256 2510 384 2594 publico
412 2510 579 2576 indicendo
610 2511 752 2575 concilio.
798 2509 872 2575 Non
895 2516 936 2574 te
965 2510 1070 2595 fugit,
1105 2533 1214 2594 quem·

72 2615 234 2680 admodum
258 2615 314 2679 ille
335 2618 407 2700 post
430 2614 512 2680 hanc
534 2614 774 2679 collocutionem
797 2614 839 2679 sit
862 2614 1020 2698 profectus
1040 2612 1216 2680 Massiliam

71 2725 98 2784 ct
119 2721 166 2786 ibi
189 2743 277 2784 suam
302 2724 428 2804 neptem
452 2721 486 2784 in
509 2720 748 2786 matrimonium
770 2719 901 2784 dederit.
939 2717 1009 2784 Hoc
1031 2741 1070 2784 an
1095 2719 1215 2800 fecerit,

73 2848 127 2907 quo
153 2825 402 2910 pacificationem
424 2827 510 2890 inter
531 2831 563 2890 te
580 2825 753 2910 Galliaeque
776 2846 893 2911 regem,
917 2825 1070 2909 proximis
1094 2820 1216 2908 aliquot

71 2932 161 2994 annis
184 2930 315 3009 initam,
350 2931 565 3010 confirmaret,
599 2953 635 2996 ac
657 2932 817 3015 publicam
840 2932 925 2996 orbis
947 2933 1214 3015 tranquillitatem

634 3053 652 3093 a

70 3143 252 3220 restituiert,
276 3143 334 3206 wie
356 3141 392 3206 Ε.
416 3141 459 3207 Μ.
485 3144 549 3207 und
571 3142 625 3208 der
644 3141 749 3228 Konig
771 3165 826 3206 aus
842 3141 1063 3221 Frenchreich‚
1088 3143 1120 3206 in
1143 3142 1213 3206 iren

71 3251 236 3334 vertrdgen
260 3249 327 3312 sich
350 3247 532 3311 verbunden
554 3249 597 3310 im
622 3251 659 3313 ad
675 3248 801 3325 helffen,
826 3249 890 3312 und
910 3248 1055 3312 beistand
1070 3251 1108 3312 ad
1123 3248 1216 3327 thain,

71 3353 184 3418 etliche
206 3357 296 3431 stadt,
319 3353 374 3417 der
389 3351 579 3418 ltdmischen
598 3354 730 3418 kirchen
754 3354 934 3438 adgehdrig
960 3352 1132 3417 widerumb
1156 3375 1217 3418 von

71 3459 126 3524 den
151 3459 379 3537 einhabeuden‚
402 3462 440 3523 at
463 3457 626 3536 holcoma,
650 3460 708 3523 wie
723 3459 758 3523 Ε.
777 3457 819 3522 Μ.
843 3459 886 3522 im
904 3459 1001 3522 wider
1018 3459 1069 3524 die
1086 3459 1214 3522 Floren-

72 3563 162 3651 tiner,
185 3563 375 3628 merckliohe
397 3564 472 3628 hilff
491 3564 556 3628 und
578 3559 728 3628 fdrsehub
750 3565 879 3648 gethon,
902 3563 976 3628 Wie
991 3564 1026 3628 Ε.
1045 3562 1088 3627 Μ.
1112 3563 1156 3626 im
1179 3569 1217 3630 zu

71 3673 136 3752 gut,
162 3670 216 3733 das
241 3669 482 3754 Augspurgisoh
505 3669 608 3746 Elia,
632 3691 733 3753 gagen
757 3669 824 3733 dise
847 3669 928 3746 lere,
961 3669 1217 3753 ausgeschribeu,

72 3773 143 3839 Wie
165 3773 201 3838 Ε.
224 3774 267 3838 Μ.
292 3773 354 3837 mit
375 3774 436 3853 im=
461 3774 514 3837 des
536 3773 657 3838 Concili
681 3773 795 3837 halben
819 3773 976 3837 miintlioh
999 3774 1063 3836 und
1087 3795 1217 3858 person-

73 3879 134 3943 lich
158 3878 338 3964 gehandelt‚
363 3877 477 3942 wiser
501 3879 670 3963 volgends‚
695 3880 759 3942 und
785 3879 836 3942 nit
856 3879 933 3963 lang
957 3879 1036 3943 nach
1060 3877 1218 3962 gehabten

73 3986 242 4068 gesprech‚
277 3985 379 4068 gehen
404 3983 566 4048 Massilien
590 3984 623 4047 in
648 3983 859 4048 Franckreich
888 3984 1001 4061 miset,
1036 3983 1101 4048 und
1132 3983 1218 4046 seina

72 4088 172 4154 Nicht
194 4091 333 4154 daselbst
355 4088 522 4154 verheirat.
568 4085 618 4153 Ob
650 4111 684 4152 cr
712 4111 755 4152 nu
785 4089 821 4151 in
852 4087 1017 4171 ansehung
1040 4088 1135 4152 deren
1158 4087 1218 4151 vil-

73 4193 213 4280 leltigeu‚
240 4217 299 4259 von
315 4195 351 4259 Ε.
368 4196 411 4260 M.
437 4197 672 4279 eutpsaugenen
695 4193 966 4272 ineuntschafften,
990 4193 1056 4257 und
1079 4194 1138 4257 den
1159 4189 1218 4256 fri·

74 4300 133 4364 den
155 4300 307 4366 awischen
333 4299 367 4364 Ε.
392 4300 504 4364 beiden
526 4299 570 4367 M.
595 4299 829 4384 auffgeriohtet‚
853 4302 891 4363 zd
912 4297 1113 4382 bevcstigen‚
1137 4296 1218 4362 auch

74 4406 223 4494 volgends
247 4407 301 4472 das
325 4405 501 4472 Concilium
524 4403 720 4483 anzdfahen‚
755 4402 859 4469 solchs
888 4401 1008 4489 gethan
1040 4402 1112 4484 hat,
1145 4403 1219 4472 oder
