2938 4988
629 317 667 378 21

84 489 282 555 ecclesiastici.
329 487 418 564 Quod
450 489 592 574 plerique
627 493 744 576 putant
773 490 843 554 ideo
876 489 974 556 fuisse
1004 491 1222 568 constitutum,

84 596 165 660 utin
186 618 220 659 re
242 599 309 659 tam
333 596 423 682 gravi
455 592 487 659 et'
509 597 607 660 ardua
628 595 743 679 reliqui
767 595 926 679 principes
949 596 1104 660 heberent
1124 597 1224 661 socios

85 707 112 766 et
131 701 284 787 collegas,
319 702 404 766 viros
439 702 617 766 eruditione
647 724 682 767 ac
711 703 786 766 vitae
817 703 1003 787 integritate
1026 707 1221 786 prmstontes.

84 807 189 872 Vemm
212 812 374 892 utcunque
397 809 448 890 sit,
471 813 592 872 certum
616 813 673 886 est,
698 807 758 872 hoc
782 829 817 872 eo
833 807 953 873 facturn
969 808 1066 873 hrisse
1081 807 1222 884 consilio,

12 960 13 994 ,
84 917 115 978 nt
133 917 335 996 potestatem,
360 935 455 998 quam
478 918 683 998 arrogaverat
705 914 759 977 ille
782 913 843 977 sibi
868 913 901 978 in
924 913 1051 998 imperii
1075 913 1222 998 negotiis,

12 1001 14 1082 l
83 1019 134 1082 hac
153 1019 247 1084 etiam
271 1019 323 1084 via
346 1019 556 1084 confirmaret.
605 1019 694 1096 Quod
726 1019 830 1104 ipsum
867 1041 931 1083 non
954 1019 1049 1083 velim
1072 1018 1222 1104 intelligi,

12 1153 13 1204 p
85 1125 164 1208 qnasi
187 1125 325 1210 cogitem
356 1124 475 1210 aliquid
507 1124 673 1188 detrahere
705 1124 888 1188 auctoritati
913 1123 1093 1188 Electorum
1125 1123 1221 1188 eccle·

82 1230 286 1306 siastioornm3
311 1233 342 1294 et
365 1233 402 1293 nt
425 1252 463 1293 ne
488 1229 559 1313 quis
582 1229 615 1294 in
637 1233 846 1315 campartem
863 1230 1101 1315 interpretetur,
1125 1228 1221 1293 etiam

82 1340 166 1420 atque
186 1337 283 1401 etiam
306 1358 393 1422 rogo.

12 1423 14 1440 l
82 1441 287 1506 Veruntamen
322 1441 514 1507 contendent
547 1443 600 1508 hie
628 1441 762 1507 fortasse
794 1441 943 1525 qnidam,
979 1444 1010 1505 et
1040 1439 1222 1524 pontificem

83 1546 247 1612 Romanum
281 1548 361 1612 bene
397 1547 434 1613 de
471 1548 564 1612 nohis
603 1548 752 1612 meritum
790 1569 856 1612 esse
890 1545 1126 1630 praedicabunt,
1166 1545 1222 1629 qui

82 1655 138 1715 tam
172 1653 330 1718 illustrem
368 1653 544 1730 honorem,
594 1653 697 1738 qualis
736 1656 784 1717 est
821 1652 946 1738 imperii
985 1651 1148 1736 dignstm,
1187 1651 1221 1715 iu

11 1809 12 1814 1
84 1761 210 1823 nostram
245 1764 374 1844 gentem
407 1758 583 1836 invexerit,
623 1762 778 1842 qnantum
811 1759 844 1822 in
877 1758 945 1842 ipso
978 1756 1049 1821 fnit.
1109 1756 1222 1820 Fateor

87 1864 224 1946 equidem,
249 1868 282 1929 et
304 1884 380 1929 sane
402 1863 446 1927 sit
467 1863 742 1946 reprehendendus
757 1862 852 1927 homo
868 1862 1053 1942 Germanou,
1078 1861 1132 1946 qui
1156 1884 1220 1925 non

637 1985 654 2024 s

84 2073 143 2155 [12]
171 2073 228 2158 Iey
258 2075 335 2157 peut
365 2077 446 2137 estre
475 2076 648 2156 qu’ancnns
673 2074 873 2152 debattront‚
899 2096 960 2160 que
982 2074 1011 2137 le
1034 2073 1118 2158 Pape
1142 2095 1220 2137 nous

82 2179 162 2242 afuit
174 2201 217 2242 un
230 2179 332 2264 grand
344 2179 427 2257 bien,
445 2177 618 2258 conferant,
642 2183 755 2244 autaut
770 2182 863 2263 qu'en
880 2181 934 2264 luy
945 2203 965 2243 a
980 2180 1054 2255 este,
1076 2181 1094 2241 a
1112 2182 1221 2242 nostre

81 2283 179 2349 ration
202 2307 247 2349 un
274 2284 419 2350 honneur
445 2285 471 2348 si
496 2284 651 2348 excellent
674 2286 776 2368 qu'est
798 2285 830 2348 la
852 2284 975 2369 dignite'
998 2283 1036 2346 de
1058 2283 1218 2366 l'Empire.

81 2386 111 2452 le
141 2389 280 2454 confesse
310 2390 384 2454 bien
414 2389 497 2454 cela:
534 2412 587 2454 car
617 2390 844 2454 certainement
880 2388 1059 2454 l'Alemand
1093 2387 1147 2471 qui
1180 2411 1221 2452 ne
1343 2451 1345 2457 .

80 2494 165 2558 serait
187 2495 261 2559 bien
285 2495 348 2558 nise
368 2494 405 2558 de
430 2495 475 2559 tel
498 2495 598 2560 lustra
613 2499 645 2559 et
668 2495 892 2581 magnificence
914 2518 954 2560 au
973 2516 1119 2559 commun
1138 2495 1219 2578 pais,

9 2593 11 2684 l
80 2601 164 2666 seroit
186 2601 396 2687 grandement
419 2604 438 2665 ia
460 2602 638 2685 reprendre.

635 2722 653 2760 *

80 2811 161 2894 [124]
194 2810 331 2894 Empero
353 2811 434 2902 aqui
450 2832 507 2894 por
531 2813 665 2876 ventura
688 2811 836 2896 alegaran
860 2835 880 2896 y
903 2811 1062 2895 porfiarau
1085 2813 1219 2897 algunos

9 2899 11 2958 Ῑ
80 2938 130 2999 que
145 2917 175 2980 al
195 2915 350 2981 Pontifiee
374 2915 517 2980 Romano
546 2936 649 2979 samos
673 2915 720 2979 los
742 2915 911 2980 Alcmenes
940 2938 979 2980 en
1003 2939 1079 3002 rnnpr
1101 2918 1220 3002 grande

9 3007 10 3052 ss
79 3022 265 3108 obligaoion,
290 3043 310 3106 y
332 3043 392 3104 que
414 3021 522 3085 hemos
545 3019 688 3084 reoehido
712 3019 762 3093 del
785 3042 862 3104 mny
886 3019 987 3085 buena
1011 3021 1097 3099 obre,
1126 3044 1219 3105 pnes·

79 3151 131 3212 que
151 3150 216 3192 nna
238 3127 357 3191 honrra
379 3131 434 3190 tan
458 3126 588 3203 ilustre,
617 3125 691 3209 qual
715 3147 746 3190 es
769 3125 801 3189 la
825 3125 974 3210 dignidad
996 3125 1046 3189 del
1069 3124 1219 3214 Imperi0,

77 3233 103 3297 la
122 3238 211 3298 traxe
234 3257 253 3298 a
274 3235 405 3296 anostra
430 3231 562 3308 naaion,
587 3253 625 3294 en
650 3234 770 3314 quanto
793 3253 831 3295 en
856 3231 884 3295 91
906 3229 968 3294 fue.
1014 3230 1065 3295 Yo
1087 3232 1118 3295 lo
1143 3255 1219 3297 con-

76 3338 166 3419 flesso,
194 3363 215 3424 y
238 3360 297 3424 por
320 3338 417 3402 cierto
441 3359 501 3420 que
524 3355 555 3402 es
579 3337 617 3400 de
639 3337 848 3420 reprehender
874 3340 905 3401 et
928 3335 1059 3400 hombre
1084 3335 1219 3403 Aleman

76 3465 129 3526 que
151 3467 192 3508 no
222 3465 256 3508 se
284 3443 402 3529 huelga
426 3464 487 3526 que
511 3445 575 3507 este
602 3443 718 3521 honor,
748 3448 859 3527 yesta
890 3447 946 3506 tan
979 3443 1098 3528 grande
1130 3466 1219 3510 exce·

75 3549 167 3614 lancia
197 3551 235 3614 de
265 3549 352 3614 fama
382 3571 441 3633 eya
464 3549 576 3613 venido
600 3571 676 3613 asu
701 3570 815 3612 comun
837 3549 950 3633 patria.

634 3670 652 3708 ss

76 3759 147 3824 auch
161 3758 277 3824 hiemit
292 3757 350 3822 hat
365 3759 479 3823 wiilleu
494 3759 684 3844 hestiitigen.
722 3757 851 3822 Welchs
876 3760 927 3824 ich
949 3759 1028 3825 doch
1051 3764 1088 3824 zn
1110 3759 1219 3823 keiner

76 3865 312 3948 verkleinerung
335 3865 412 3928 darn
435 3863 616 3928 loblichen¹
643 3863 852 3927 Ohurfiirsten
883 3864 949 3928 will
972 3865 1083 3950 geredt
1105 3864 1218 3943 huben,

77 3970 133 4034 und
154 3971 198 4034 ist
220 3969 326 4034 meine
349 3968 612 4053 underthenigste
642 3969 722 4047 bitt,
757 3991 830 4032 man
854 3969 945 4034 whlle
967 3965 1044 4034 mira
1067 3969 1147 4034 auch
1169 3969 1219 4033 nit

78 4074 164 4139 dahin
188 4077 316 4140 deuten.
356 4073 464 4138 Allhie
480 4075 603 4139 werden
627 4074 846 4160 ongeaweifelt
865 4075 979 4139 etliohe
1001 4075 1073 4156 [13]
1096 4073 1140 4137 vil
1162 4095 1217 4159 ge-

76 4179 223 4260 dencken,
260 4203 294 4246 es
326 4181 370 4244 sei
394 4181 502 4257 recht,
537 4182 601 4246 und
625 4183 748 4247 werden
772 4175 842 4246 dein
865 4180 1054 4245 Riimisohen
1079 4179 1221 4244 Bischoff

136 4412 148 4465 1
167 4373 390 4467 Hoohloblichen
409 4406 596 4478 Geystliohen.
