2930 4998
598 323 661 386 239
686 331 689 337 '

65 495 146 560 titulo
169 495 444 572 circumvestiunt;
480 497 555 580 quia
583 495 628 560 sic
649 499 789 580 pergunt
811 495 985 574 obstinati,
1017 498 1139 562 nullam
1162 501 1199 562 ut

64 624 136 686 spem
174 600 412 688 emendatiolnis
445 601 622 685 praebeant;
661 602 736 685 qnia
770 623 870 666 causae
904 602 1117 686 cognitionem
1152 603 1197 667 le-

63 708 195 791 gitimam
229 708 419 792 defugiunt,
457 710 489 770 et
522 706 672 770 simulata
705 706 831 795 concilii
869 707 1029 772 mentione
1071 711 1197 772 contro·

63 812 182 877 versiam
206 833 331 878 omnem
355 831 391 875 eo
414 810 572 893 rejiciunt,
601 814 637 874 ut
659 831 747 894 spem
770 814 801 874 et
824 813 1072 894 expectationem
1094 810 1197 878 homi-

61 939 124 980 num
147 918 295 995 eludant3
320 917 394 1002 quia
417 917 542 982 demum
564 915 673 980 tristes
696 915 814 1000 ubique
836 919 942 980 motus
964 922 997 982 et
1018 918 1127 982 turbas
1143 939 1197 982 ex-

61 1023 158 1101 citant,
183 1027 219 1087 ut
241 1023 418 1108 potentiam
438 1021 528 1086 illam
543 1043 642 1098 auam,
666 1021 786 1086 nefarie
801 1021 998 1104 acquisitam,
1021 1023 1196 1088 retineant:

61 1127 97 1191 ha
116 1127 262 1211 profecto
285 1149 385 1192 causae
409 1149 533 1192 movere
552 1131 593 1206 te,
618 1125 729 1205 Caesar,
755 1127 878 1204 debent,
901 1131 938 1190 ut
953 1127 1093 1210 ipsorum
1109 1127 1198 1194 nulla

59 1231 170 1295 ratione
192 1231 324 1310 habita,
360 1232 524 1318 negotium
554 1231 613 1296 hoc
642 1231 806 1316 religionis
838 1253 955 1316 magno
985 1232 1089 1297 studio
1112 1253 1196 1297 eom-

58 1337 204 1418 plectaris.
250 1335 334 1402 Nam
358 1337 500 1401 existunt
521 1339 607 1410 certa
628 1335 795 1420 scripturae
817 1336 1017 1417 testimonia,
1051 1342 1083 1402 et
1104 1338 1198 1423 signa

58 1442 179 1506 minime
203 1441 350 1520 obscura,
374 1463 444 1525 quae
466 1442 558 1506 nobis
580 1442 786 1521 denuntient,
811 1443 891 1508 iram
914 1441 973 1506 Dei
996 1443 1197 1508 vehementer

58 1546 83 1608 in
103 1547 176 1610 illos
199 1546 437 1624 inflammatam,
461 1549 494 1610 et
515 1546 652 1610 similem
666 1545 810 1610 fcturum
827 1567 893 1611 esse
908 1547 1049 1632 ipsorum
1065 1548 1196 1628 exitum,

57 1652 100 1734 qni
117 1651 182 1716 fuit
196 1673 314 1730 eornm,
340 1671 418 1733 quos
433 1653 564 1734 propter
585 1649 782 1734 impietatem
805 1654 837 1715 et
850 1651 1070 1737 ‘blasphemias
1091 1653 1196 1716 horri-

56 1757 154 1822 biliter
176 1757 310 1842 singulis
333 1755 529 1840 temporibus
552 1753 637 1820 Deus
660 1755 790 1819 adflixit.
837 1755 1015 1822 Deserenda
1037 1761 1112 1822 sant
1134 1757 1195 1840 igi·

56 1866 99 1926 tnr
121 1861 252 1927 illorum
274 1865 393 1941 castra,
428 1881 469 1924 ne
497 1881 569 1925 cum
598 1861 675 1945 ipsis
705 1861 890 1945 deprehensi
913 1884 1037 1948 poenam
1062 1864 1194 1928 luamus.

55 1966 192 2033 Contulit
214 1967 275 2032 tibi
297 1966 381 2032 Deus
405 1967 572 2032 innumera
594 1967 761 2045 beneficia,
794 1971 826 2032 et
849 1989 900 2045 ea,
925 1989 1019 2051 quem
1043 1967 1193 2047 videmus,

54 2087 150 2137 rerum
186 2071 367 2138 immutatio
395 2073 520 2136 videtur
542 2071 609 2136 fato
633 2072 768 2156 quodam
792 2072 824 2136 in
848 2080 880 2137 te
902 2076 1053 2156 tuamque
1068 2073 1196 2137 domum

53 2176 203 2242 incidisse.
250 2173 326 2252 Quae
349 2177 423 2241 licet
445 2177 529 2241 inter
552 2181 670 2241 ceteras
694 2176 872 2242 Germania
895 2177 1076 2262 principum
1100 2177 1194 2242 fami·

53 2281 102 2346 lias
136 2283 273 2347 illustris
307 2282 474 2348 admodum
507 2285 539 2346 et
561 2286 674 2366 potens
697 2285 730 2346 et
751 2282 857 2366 ampla
879 2287 912 2347 et
934 2282 1060 2366 copiosa
1084 2286 1116 2347 et
1137 2283 1195 2346 ho·

51 2391 158 2452 ncrata
181 2407 306 2471 semper
328 2387 488 2464 extiterit,
519 2387 610 2451 valde
639 2391 746 2452 tamen
769 2391 861 2453 ancta
882 2388 946 2453 fuit
968 2392 1001 2452 et
1024 2388 1194 2468 illustrata,

53 2513 263 2578 magnamque
285 2493 424 2578 nominis
447 2491 583 2577 gloriam
606 2496 655 2556 est
677 2496 852 2558 consecuta.
891 2491 1046 2570 Primum,
1070 2493 1194 2576 quando

610 2668 628 2706 *
671 2723 674 2730 .

49 2810 211 2889 beharren,
236 2809 300 2872 und
324 2809 392 2873 sich
414 2809 446 2871 in
472 2809 567 2872 allem
589 2807 656 2872 aleo
679 2807 838 2893 gehalten,
863 2809 917 2874 das
933 2831 1007 2874 man
1024 2805 1196 2894 notirrfftig

48 2937 83 2978 an
105 2917 182 2980 inen
206 2913 421 2978 vernweifelen
445 2918 535 2992 nnis,
570 2914 625 2978 des
656 2914 701 2977 sie
731 2914 805 2978 kein
829 2915 931 2979 weder
954 2915 1090 2980 Generel
1112 2915 1194 2980 noch

48 3019 199 3085 National
220 3019 351 3097 Conciti,
375 3019 455 3084 noch
479 3020 583 3105 einige
605 3019 713 3084 rechte
735 3021 900 3085 erkantnis
923 3021 977 3084 der
1000 3019 1114 3084 sochen
1136 3019 1195 3082 lei·

47 3125 101 3190 den
125 3133 252 3212 mdgen,
270 3127 341 3190 'und
366 3127 421 3191 des
444 3125 489 3190 eie
512 3125 561 3189 nit
584 3147 644 3189 von
661 3145 770 3210 wegen
787 3125 842 3189 der
857 3126 920 3190 lere
936 3126 1016 3190 noch
1033 3124 1193 3208 Religion,

47 3233 157 3296 sonder
189 3231 266 3295 nmb
300 3231 363 3296 irer
392 3231 621 3296 herrsehafften
653 3231 718 3295 und
752 3230 881 3315 prachts
903 3231 1030 3309 willen,
1067 3229 1194 3295 solchen

42 3336 138 3417 jamer
164 3337 196 3400 in
223 3337 278 3400 der·
300 3337 375 3400 welt
397 3337 569 3402 adrichten.
615 3336 682 3401 Ans
716 3338 803 3401 dison
834 3335 988 3400 ursaohen
1019 3337 1066 3400 col
1089 3334 1124 3399 Ε.
1148 3334 1192 3400 Μ.
1273 3357 1274 3360 ’

44 3441 225 3526 vilgemelte
245 3443 481 3526 gegenwertige
497 3442 580 3522 sach,
605 3441 751 3507 hdchlich
767 3444 805 3506 nii
821 3440 949 3505 hertzen
967 3463 1090 3518 nemen,
1114 3439 1193 3504 euch

43 3546 68 3607 ir
89 3546 264 3631 dieselbige
286 3568 341 3612 vor
363 3547 446 3611 allen
471 3547 586 3633 dingen
612 3548 680 3611 anti
698 3546 917 3624 erdenlassen
942 3545 1094 3628 bevolhen
1113 3545 1189 3608 sein.

43 3649 133 3715 Denn
159 3652 231 3735 [61]
256 3673 287 3714 es
311 3651 382 3715 sind
402 3652 446 3715 vil
462 3673 587 3737 grosser
602 3653 749 3735 gewisser
765 3651 980 3736 anzeigungen
998 3649 1191 3728 vorhanden,

42 3755 154 3820 danaus
178 3756 310 3820 eliirlich
333 3757 524 3822 abzdnemen
550 3758 614 3820 und
637 3760 676 3821 nri
698 3757 794 3822 sehen
818 3757 879 3832 ist,
906 3756 962 3819 das
985 3754 1095 3819 Gottes
1118 3775 1193 3818 norn

41 3853 116 3924 dher
140 3861 200 3924 den
225 3860 365 3924 heilosen
389 3859 525 3938 hauffen,
550 3860 664 3944 hefftig
686 3859 882 3944 angezr'indet
905 3859 961 3937 is't,
993 3859 1059 3922 und
1082 3859 1137 3922 das
1161 3879 1193 3922 es

41 3964 113 4028 inen
139 3966 190 4028 nit
214 3966 326 4030 andere
348 3967 451 4051 gehen
475 3969 558 4044 wint,
582 3967 666 4030 darm
689 3966 749 4030 wie
771 3987 803 4029 es
826 3965 887 4028 den
911 3965 1108 4029 veretoekten
1127 3965 1193 4028 und

40 4067 274 4154 halesterrigen
297 4073 334 4134 nir
357 4070 441 4134 allen
465 4070 566 4134 zeiten
589 4091 716 4155 gangen
747 4069 798 4133 ist.
844 4067 919 4132 Und
941 4069 988 4132 sol
1013 4067 1191 4132 sieh'dem·

40 4173 120 4237 nach
159 4172 193 4236 Ε.
227 4173 270 4236 Μ.
304 4195 365 4238 von
395 4173 469 4238 incn
501 4195 558 4259 gar
591 4175 786 4238 ebsenderen
815 4175 880 4237 und
917 4173 950 4236 in
982 4173 1079 4236 disem
1112 4171 1191 4235 han-

39 4279 86 4340 del
121 4279 303 4342 dermassen
336 4280 499 4363 anzeigen,
534 4279 589 4342 das
619 4280 664 4341 sie
696 4279 766 4341 dem
790 4277 932 4342 obristen
955 4278 1095 4355 nichter,
1130 4278 1192 4340 ires

38 4383 275 4467 empfangenen
299 4382 437 4450 befelclrs
466 4384 531 4449 und
555 4383 812 4448 administration
835 4387 912 4468 gite
935 4384 1007 4448 rede
1029 4383 1093 4448 nnd
1117 4386 1190 4448 ant·
1308 4381 1311 4388 ’
