2940 4992
837 349 900 413 194

290 525 349 592 bus
371 528 404 590 et
432 523 634 608 amplificare.
679 521 786 586 Nimis
815 521 901 586 enim
932 541 1049 606 magna
1078 521 1122 586 sit
1150 542 1187 585 ea
1217 516 1364 592 servitus,
1394 517 1418 578 ct

292 630 423 694 omnino
445 629 527 708 talis,
552 651 622 713 quoe
644 633 748 694 careat
770 629 922 712 exemplo.
961 625 1066 693 Cliens
1088 625 1204 709 aliquis
1227 627 1282 690 aut
1302 622 1419 694 libertus

290 737 383 801 debet
397 739 533 821 patrono
548 735 652 813 fidem,
676 755 785 819 operas
801 737 833 798 et
848 733 1043 817 obsequium,
1066 733 1120 797 sed
1139 730 1171 794 in
1188 729 1282 795 rebus
1298 724 1419 791 honestis

289 846 323 906 et
345 863 415 926 quae
437 863 501 905 non
524 842 591 905 sint
619 845 730 905 contra
761 839 860 904 bonos
890 859 1001 902 mores
1046 837 1139 914 Jam,
1173 835 1200 900 si
1228 831 1369 918 pontifex
1393 829 1419 893 in

290 947 383 1012 rebus
406 945 551 1010 civilibus
574 945 694 1028 aliquid
710 948 824 1028 praeter
835 945 887 1028 jus
903 948 936 1009 ct
953 965 1077 1028 aequum
1095 940 1255 1017 moliatur,
1278 959 1354 1003 num
1367 934 1418 999 Ge

290 1073 342 1116 aar
355 1050 557 1135 jurejurando
573 1051 619 1115 sic
633 1049 837 1128 coercebitur,
861 1052 898 1114 ut
913 1048 993 1113 illud
1007 1049 1174 1133 permittat
1189 1050 1221 1111 et
1236 1039 1418 1110 dissimulet?

289 1154 323 1220 Si
345 1156 490 1240 pontifex
512 1155 644 1238 impiam
667 1154 842 1219 doctrinam
864 1158 898 1218 et
920 1153 1075 1220 idolorum
1099 1153 1202 1217 cultus
1225 1152 1259 1215 in
1293 1145 1418 1214 ecclesias

290 1282 355 1325 non
377 1260 495 1326 inferat
517 1261 630 1338 modo,
665 1261 719 1324 sed
742 1263 773 1324 et
796 1263 994 1345 propugnet,
1027 1259 1054 1322 si
1077 1258 1243 1322 confirmet
1266 1272 1379 1318 errores
1396 1252 1420 1313 et

290 1367 422 1443 abusuS,
445 1387 522 1430 num
545 1366 579 1429 in
603 1387 639 1431 eo
662 1365 844 1432 connivebit
865 1363 985 1442 Ceasar,
1008 1369 1040 1428 et
1063 1366 1166 1428 totum
1190 1361 1250 1426 hoe
1272 1354 1419 1423 laudabit?

184 1485 186 1490 ’
289 1470 323 1535 Si
346 1470 507 1556 pontifex,
531 1469 569 1535 ‹le
591 1471 642 1534 his
664 1471 757 1535 rebus
779 1470 927 1536 omnibus
949 1473 1131 1544 accusatae,
1155 1464 1300 1551 legitimo
1320 1459 1421 1546 judicio

289 1597 322 1642 se
346 1577 428 1640 nolit
450 1577 571 1653 sistere,
593 1597 672 1640 num
694 1574 821 1654 Caesars
830 1578 916 1639 metu
936 1573 1161 1659 jurisjurandi,
1192 1571 1324 1645 videns,
1353 1563 1423 1629 nihil

290 1680 429 1758 videbit,
461 1681 609 1759 audiens,
644 1680 726 1744 nihil
749 1680 878 1745 audiet?
913 1701 990 1743 num
1013 1681 1158 1743 accusato
1181 1675 1218 1740 de
1241 1668 1423 1760 grauissimis

290 1785 476 1852 criminibus
499 1784 680 1869 permittet,
712 1789 749 1850 ut
779 1785 812 1848 in
839 1806 896 1849 sus
917 1784 985 1868 ipse
1007 1804 1101 1847 causa
1119 1781 1216 1866 judex
1238 1782 1270 1842 et
1293 1774 1424 1861 cognitor

289 1890 411 1968 sedeat,
435 1894 467 1956 et
488 1913 546 1954 sua
568 1891 697 1955 damnet
719 1891 785 1974 ipse
806 1889 952 1976 flagitia?
998 1888 1058 1967 Et,
1083 1888 1110 1952 si
1134 1887 1253 1962 Oaesar,
1287 1881 1365 1966 quod
1386 1881 1425 1942 cst

289 1995 387 2060 officii
409 1996 468 2075 sui,
490 1996 596 2074 faciat,
620 1997 647 2061 si
670 2018 770 2061 causae
790 1995 1003 2081 cognitionem
1019 1995 1059 2058 ad
1074 2017 1107 2058 sc
1122 1990 1305 2065 transferat,
1329 1989 1358 2050 et
1375 2002 1425 2066 pro

289 2100 445 2164 tribunali
467 2101 590 2179 sedeat,
612 2123 690 2166 num
713 2101 942 2166 absterrebitur
963 2105 995 2165 et
1018 2123 1037 2164 a
1059 2121 1116 2164 suo
1140 2115 1270 2161 munere
1293 2089 1425 2165 discedet,

856 2224 874 2263 s

291 2310 354 2375 und
377 2311 578 2398 handhaben,
601 2313 680 2378 auch
703 2313 806 2376 nimer
828 2312 910 2377 ichts
933 2309 1070 2375 dawider
1092 2313 1130 2373 zd
1152 2307 1252 2384 thun,
1276 2300 1429 2388 verpflicht

290 2416 355 2479 sein
381 2411 476 2481 nrirst.
522 2417 587 2482 Das
610 2440 691 2482 were
718 2420 753 2502 ja
774 2419 826 2482 ein
850 2418 937 2482 solch
960 2414 1168 2502 eigenthumb
1191 2411 1257 2476 und
1279 2411 1428 2490 bezwang,

289 2520 489 2606 dcsgleiohen
511 2523 545 2586 in
569 2523 624 2588 der
645 2524 720 2588 welt
742 2525 794 2588 nie
816 2524 949 2608 gehbret
971 2524 1022 2586 ist.
1070 2519 1130 2584 Elin
1156 2518 1323 2582 Lehnman
1345 2511 1412 2594 istj

289 2629 406 2692 seinem
431 2628 555 2694 Horren
578 2630 629 2694 nit
656 2631 782 2696 weitcrs
812 2629 1015 2707 verbunden,
1050 2628 1135 2692 daun
1167 2625 1201 2687 in
1234 2615 1430 2707 gebdrlichen

289 2733 418 2818 dingen,
441 2735 546 2800 dienst
568 2735 632 2799 und
655 2737 821 2819 gehersam
843 2740 881 2801 nh
904 2735 1025 2798 leisten.
1064 2731 1146 2796 Wen
1171 2751 1237 2793 nun
1262 2727 1315 2790 ein
1331 2722 1430 2804 Bapst

290 2837 426 2902 anchin
450 2840 626 2906 weltlichen
652 2841 781 2926 dingen,
804 2845 900 2905 etwas
921 2833 1149 2924 ungebirrliehs
1172 2852 1334 2907 verneme,
1360 2825 1429 2890 solte
1468 2835 1469 2840 ’

290 2941 423 3006 darumb
454 2943 504 3007 ein
528 2944 659 3024 Keiser,
693 2946 727 3010 in
759 2946 857 3010 krofft
885 2945 949 3009 und
982 2966 1043 3008 von
1066 2962 1176 3025 wegen
1199 2939 1254 3003 des
1277 2935 1427 3020 gethonen
1468 2971 1469 2982 η

289 3043 374 3123 Eids,
399 3047 443 3110 im
466 3046 561 3113 darzrl
585 3049 796 3126 beizhstehen,
820 3049 885 3112 und
908 3048 998 3112 nichs
1021 3045 1159 3110 dawider
1180 3047 1219 3110 zil
1241 3041 1345 3116 thun,
1371 3054 1430 3100 ver·
1466 3057 1468 3092 5

291 3149 418 3215 bunden
440 3152 531 3216 sein?
569 3151 651 3217 Wen
674 3155 728 3218 der
751 3153 850 3217 Babst
873 3153 970 3237 grube
992 3149 1185 3215 unleidliehe
1207 3144 1353 3211 irthumb
1376 3136 1431 3204 und

289 3255 478 3333 misbreuch,
501 3258 551 3321 nit
574 3258 669 3322 ellein
692 3257 884 3333 auffrichtet,
908 3258 1022 3321 sunder
1044 3256 1124 3320 auch
1147 3257 1361 3342 verteidingt,
1392 3256 1430 3320 sol
1467 3261 1468 3296 l

289 3360 333 3423 im
357 3362 408 3424 ein
431 3361 542 3426 Keiser
572 3358 696 3427 nrfisseu
721 3363 855 3428 ahsehen
878 3365 944 3428 und
966 3363 1070 3427 solchs
1093 3361 1175 3426 alles
1193 3362 1314 3426 lobea?
1359 3361 1431 3426 Wen

290 3486 323 3528 er
338 3463 451 3529 Ketzer
466 3467 530 3530 und
543 3465 729 3551 Abgbttcrei
753 3469 877 3546 stifftet,
901 3470 948 3533 sol
972 3469 1022 3532 eiu
1047 3468 1159 3533 Keiser
1180 3489 1278 3554 sagcn
1302 3464 1430 3541 miissen,

289 3591 322 3632 es
344 3569 386 3634 sei
411 3569 500 3635 recht
522 3572 665 3655 gethon?
700 3572 782 3637 Wen
804 3595 838 3637 er
860 3573 945 3637 seins
967 3568 1219 3657 ungebdrlichen
1242 3591 1430 3644 vernemens,
1466 3619 1467 3622 ,

288 3674 391 3738 scincr
414 3674 574 3753 irthumb,
609 3677 807 3754 misbreuch,
843 3675 957 3741 Ketzer
980 3677 1043 3740 und
1067 3675 1298 3760 Abgbttereien
1322 3677 1429 3742 halben

288 3779 475 3862 angeclagt,
511 3774 696 3844 fiberweiset
717 3780 783 3843 und
804 3775 995 3864 ilberzeuget
1015 3801 1116 3858 were,
1152 3781 1199 3845 sol
1222 3780 1368 3846 dennoch
1388 3779 1429 3842 cin

289 3880 410 3959 Keiser,
434 3883 467 3945 in
491 3882 657 3968 ensebung
680 3885 732 3947 des
755 3884 917 3968 gothonen
939 3883 1024 3962 Eius,
1047 3883 1148 3948 ohren
1171 3884 1236 3949 und
1260 3907 1366 3970 eugen
1386 3886 1429 3946 zl-

287 3982 380 4064 thun,
403 3986 469 4050 und
492 3987 545 4067 im,
570 3987 639 4052 dem
662 3990 882 4073 angeclagten,
906 3989 985 4053 auch
1001 3984 1225 4074 fiberzeugtcn,
1250 3991 1306 4054 das
1324 3984 1429 4054 urtheil

287 4084 414 4156 mdssen
437 4091 521 4156 heim
543 4093 677 4171 stellen,
710 4095 773 4159 und
804 4095 859 4158 das
881 4115 915 4158 er
937 4095 972 4158 in
995 4095 1098 4159 seiner
1121 4095 1205 4160 selbs
1229 4097 1302 4179 [37]
1327 4094 1428 4160 sacher

287 4192 406 4258 richter
429 4195 530 4258 werel
574 4195 647 4260 Und
670 4218 718 4260 wo
741 4197 791 4261 ein
816 4197 937 4276 Keiser,
962 4199 1012 4262 die
1035 4199 1109 4262 sach
1133 4203 1171 4264 zh
1195 4198 1326 4264 hertzeu
1349 4192 1426 4264 fdren
1465 4223 1466 4286 p

288 4296 352 4359 und
375 4298 465 4362 darin
489 4302 585 4362 etwas
608 4301 832 4366 entsohliessen
855 4303 952 4380 witlt,
989 4305 1035 4367 sol
1066 4324 1101 4368 er
1131 4302 1200 4367 sich
1229 4299 1358 4369 mhssen
1381 4299 1427 4365 ab·

288 4399 455 4466 sehreeken
479 4403 593 4483 lassen,
617 4428 684 4470 wcu
702 4407 745 4470 im
761 4408 816 4471 der
832 4408 932 4473 Babst
954 4430 1052 4494 sagon
1076 4410 1176 4488 wtird,
1201 4408 1333 4476 hbrestu
1355 4404 1425 4473 mein
