2930 4998
795 302 857 366 212

250 470 393 557 praebent
415 473 567 558 speciem,
602 496 672 539 curn
708 475 828 539 interea
857 473 1067 540 nihilominus
1099 481 1219 562 pestem
1252 483 1283 544 11
1315 481 1390 545 virus

251 567 531 664 praesentissimum
555 581 589 644 in
613 583 738 664 pectore
761 579 995 644 circumferant.

205 763 209 771 Ι
252 685 313 761 Qui
336 685 421 749 volet
444 685 545 769 igitur
559 686 701 750 nativam
717 685 903 769 pontificum
920 686 1059 752 indolem
1075 710 1272 774 cognoscere,
1298 692 1391 756 solum

250 789 412 854 intueatur
434 797 465 854 11
488 779 549 855 sibi
572 793 730 874 proponat
753 812 814 868 eos,
845 812 921 873 quos
944 791 1081 856 vidimus
1104 793 1166 877 ipsi
1189 799 1221 860 et
1244 796 1392 860 novimen.

337 894 455 960 Verum
481 896 606 979 quidem
630 899 678 960 est
707 895 803 973 illud,
837 917 903 959 non
925 895 1022 962 fuisse
1044 919 1153 962 omnes
1175 903 1242 964 tam
1264 899 1393 965 furiosos

248 1004 281 1066 et
303 1005 443 1066 amentes
466 985 644 1078 bellatores
668 1022 763 1083 quam
786 999 849 1064 fuit
869 999 984 1079 Julius,
1010 1005 1076 1066 tam
1099 983 1238 1087 perditos
1255 1004 1289 1068 in
1313 1007 1393 1070 omni

249 1127 364 1190 genere
386 1106 560 1190 voluptatis
583 1109 616 1171 11
638 1105 816 1186 libidinum,
840 1127 936 1190 quam
952 1107 1015 1172 fuit
1029 1107 1103 1188 Leo,
1128 1131 1192 1174 non
1208 1132 1317 1176 omues
1332 1115 1393 1176 tam
1440 1163 1441 1166 ¹

247 1211 418 1295 insigniter
435 1211 569 1295 perfidos
588 1215 620 1275 et
635 1211 812 1289 sceleratos,
837 1233 932 1295 quam
949 1211 1012 1280 fuit
1028 1213 1181 1294 Clemens,
1205 1219 1274 1280 tam
1290 1240 1394 1282 avaros
1440 1273 1441 1290 ,

248 1322 279 1382 et
301 1324 464 1396 versutos,
499 1341 594 1401 quam
618 1322 666 1382 est
688 1317 805 1382 Paulus
830 1318 953 1382 tertius.
1000 1318 1121 1384 Verum
1148 1325 1196 1386 est
1226 1322 1332 1403 istud,
1366 1327 1395 1387 et

247 1424 376 1509 largior,
399 1423 453 1486 sed
476 1422 556 1503 illud
581 1423 709 1506 probari
732 1425 839 1506 potest
861 1425 956 1506 atque
980 1423 1094 1502 doceri,
1114 1425 1180 1508 jam
1203 1425 1278 1491 inde
1301 1428 1341 1491 ah
1362 1450 1394 1492 eo

247 1534 398 1612 tempore,
422 1549 485 1610 quo
508 1528 724 1612 principatum
746 1528 781 1591 in
804 1528 948 1593 ecclesias
972 1529 1196 1609 obtinuerunt,
1220 1532 1308 1616 ipsos
1330 1555 1393 1597 om·
1440 1511 1441 1520 ¹

248 1657 318 1699 nem
343 1633 466 1718 ingenii
488 1632 552 1695 vim
572 1631 607 1714 [S
619 1632 669 1715 iij]
694 1635 789 1714 atque
812 1632 1020 1717 cogitationes
1044 1655 1079 1698 eo
1103 1633 1284 1713 contulisse,
1308 1641 1394 1701 utet

248 1739 361 1804 falsam
385 1737 562 1802 doctrinam
585 1742 616 1802 11
639 1737 754 1820 impios
776 1737 879 1802 cultus
903 1739 1087 1818 excitarent,
1113 1744 1144 1804 et
1166 1739 1282 1805 fierent
1303 1763 1393 1824 quem
1440 1823 1441 1830 ἵ

248 1843 500 1927 locupletissimi,
522 1847 554 1906 et
569 1841 732 1926 splendide
748 1843 978 1928 magnificeque
989 1846 1140 1925 viverent,
1157 1850 1189 1910 ct
1204 1845 1395 1929 imperarent
1440 1832 1441 1860 ¹

249 1951 414 2027 omnibuS,
438 1952 471 2013 et
492 1949 571 2013 lines
594 1948 813 2032 dicionemque
835 1971 924 2014 suam
947 1951 1198 2033 amplificarent,
1232 1956 1266 2015 11
1288 1974 1394 2037 regum

247 2055 490 2140 principumque
512 2057 702 2138 potestatem
724 2054 950 2118 imminuerent
970 2077 1006 2120 ac
1022 2055 1237 2121 debilitarent.
1267 2056 1396 2122 Probari

221 2169 223 2173 ’
246 2163 379 2245 possunt
398 2160 470 2237 ista,
493 2159 573 2238 dico,
596 2158 698 2224 sedet
720 2159 809 2237 illud,
837 2160 1033 2244 temporibus
1057 2182 1108 2225 eos
1132 2183 1199 2226 esse
1220 2161 1323 2228 factos
1345 2163 1394 2227 de-

244 2266 385 2344 teriores,
409 2265 484 2330 adeo
508 2263 645 2350 quidem,
668 2267 714 2340 ut,
738 2264 884 2329 humanae
907 2264 1000 2330 sortis
1016 2265 1118 2344 obliti,
1142 2265 1267 2332 divinos
1283 2290 1393 2352 prope-

141 2388 145 2396 ’
246 2372 373 2436 modum
395 2370 530 2444 honores
552 2373 584 2433 11
605 2369 716 2434 titulos
741 2390 805 2434 non
829 2369 895 2434 sint
917 2371 1096 2455 aspernati,
1131 2371 1215 2454 quod
1237 2371 1310 2436 luce
1332 2393 1393 2436 me-

814 2489 832 2527 *
1152 2496 1156 2505 .

245 2583 285 2648 ob
309 2581 354 2646 eie
377 2582 428 2646 1111
451 2580 631 2645 mitleidens
655 2578 775 2657 hetteu,
800 2600 834 2642 so
857 2579 901 2643 sie
924 2579 1004 2644 doch
1026 2580 1069 2644 im
1087 2580 1215 2646 hertzen
1232 2581 1309 2647 citel
1325 2581 1395 2664 gifft

246 2687 310 2752 und
332 2687 553 2771 verbitteruug
575 2685 777 2768 umbtragen.

331 2791 478 2856 Welchcr
506 2813 573 2856 nun
605 2791 655 2852 die
687 2790 794 2852 rechte
827 2793 876 2851 art
906 2787 1000 2852 deren
1024 2788 1125 2854 Babsc
1146 2791 1309 2855 erhennen
1331 2790 1393 2868 wil,

245 2899 299 2961 der
319 2891 394 2962 ⁴'sehe
417 2917 478 2959 nur
501 2917 552 2974 an,
576 2894 625 2959 die
647 2893 846 2978 obgcmelten
870 2894 1003 2974 vien-so
1023 2893 1072 2958 bei
1088 2917 1183 2959 unser
1198 2896 1262 2959 neit
1276 2897 1390 2980 gelcbt.

113 3085 114 3088 Ἴ
245 3000 391 3066 sicsine
414 3000 476 3065 alle
498 2999 565 3064 auff
585 3000 676 3064 1111111
700 2999 790 3063 leiste
813 3000 969 3084 gemacht.

243 3107 287 3170 Es
310 3107 353 3170 ist
375 3106 437 3171 wol
458 3127 533 3184 war,
558 3106 612 3170 das
636 3105 680 3170 sie
703 3105 752 3170 nit
775 3106 836 3170 alle
856 3105 961 3169 solche
975 3105 1069 3168 wilde
1083 3104 1160 3168 tolle
1175 3105 1314 3192 krieger,
1338 3108 1394 3171 wie

244 3210 360 3289 Julius,
384 3209 424 3275 So
447 3215 542 3296 ganta
564 3211 598 3274 in
622 3211 700 3274 aller
723 3211 851 3277 wollust
874 3210 926 3274 des
950 3210 1028 3274 lcibs
1051 3209 1214 3288 erseuffet,
1238 3213 1299 3278 wie
1324 3213 1394 3289 Leo,

245 3316 305 3381 Nit
328 3317 389 3382 alle
412 3337 446 3380 so
470 3317 637 3401 arglistige
660 3315 782 3395 Bdbeu,
806 3316 865 3380 wie
882 3316 1036 3393 Clemens,
1061 3313 1102 3379 So
1125 3337 1235 3400 grosse
1257 3318 1395 3403 gleisnor

246 3423 309 3486 und
334 3423 407 3504 [45]
423 3422 581 3507 mitgcitn
597 3422 794 3499 verstriclret,
819 3421 878 3485 wie
893 3420 1021 3497 Paulus
1046 3441 1189 3504 genesen
1206 3421 1288 3501 sind,
1313 3422 1397 3487 Aber

245 3528 292 3591 dis
314 3529 377 3591 han
401 3549 476 3590 man
499 3527 607 3612 zeigen
630 3527 694 3590 und
719 3527 874 3603 darthuu,
905 3548 941 3590 so
962 3525 1035 3589 bald
1059 3527 1105 3589 sie
1127 3525 1208 3590 uach
1232 3527 1303 3591 dem
1327 3527 1396 3590 Pri·

244 3637 311 3697 mat
334 3633 521 3718 getrachtet,
545 3632 610 3696 und
633 3633 801 3696 denselbcn
826 3632 952 3716 erlangt
974 3613 1097 3708 liabcn,
1123 3631 1177 3694 das
1201 3631 1322 3696 seither
1345 3631 1398 3693 der

244 3739 305 3802 zeit
329 3736 457 3821 (welche
481 3731 642 3801 ietz'irber
665 3738 715 3801 die
738 3738 961 3802 ueuuhundert
980 3737 1031 3820 jar
1046 3728 1102 3820 ist)
1120 3736 1183 3800 irer
1198 3737 1278 3800 aller
1293 3753 1395 3801 wesen

243 3844 308 3906 und
331 3843 535 3928 gedauchen,
570 3842 728 3906 eutueder
757 3845 795 3906 111
817 3839 1062 3925 auffwichclung
1084 3841 1171 3904 einer
1194 3863 1305 3920 neweu
1329 3840 1395 3904 Ab·

244 3947 423 4034 gtttischeu
444 3949 517 4026 lere,
542 3949 617 4012 oder
632 3971 702 4011 zum
718 3947 811 4032 geita,
835 3947 961 4024 hoffart,
986 3947 1099 4011 braoht
1115 3947 1180 4011 und
1196 3947 1394 4032 tyranncien,

243 4053 323 4118 auch
346 4057 384 4117 111
408 4057 634 4137 ergrbsscrung
657 4053 720 4116 irer
744 4051 894 4116 haband
917 4046 1019 4136 gitcr,
1043 4055 1081 4116 nri
1104 4051 1316 4136 erweiterung
1335 4049 1393 4113 ires

243 4157 365 4243 gebiets
397 4158 463 4221 und
494 4156 724 4242 Jurisdictiou,
761 4155 961 4240 derglei'cheu
996 4178 1050 4218 zur
1085 4155 1300 4240 schwtchung
1331 4151 1394 4217 und

245 4263 497 4345 untertruclzung
521 4263 613 4326 deren
637 4260 816 4325 weltlichen
841 4261 1049 4340 Potcntaten,
1082 4262 1239 4340 imerdar,
1262 4258 1394 4326 auchie

244 4369 353 4452 lenger
375 4368 404 4432 ie
426 4369 534 4448 mehr,
559 4367 716 4454 gerichtet
739 4389 880 4465 geweseu
905 4369 985 4447 sind,
1010 4367 1084 4432 Und
1107 4368 1304 4448 dermaosen,
1340 4364 1391 4428 das
