2930 4998
813 313 877 378 200

271 486 374 554 biores
396 487 474 574 faeti
497 491 572 552 sunt
595 485 731 552 Romani
754 487 928 572 pontifices,
958 491 1081 573 quoque
1103 489 1255 573 majorem
1277 489 1406 556 feceruut

271 594 420 677 injuriam
444 595 539 659 verbo
562 593 638 671 Dei,
668 595 749 677 quod
779 615 843 658 sua
872 594 1052 678 tyrannidis
1082 593 1305 660 confirmanda
1326 617 1407 661 causa

271 701 373 764 totum
390 701 657 778 contaminarunt,
675 719 710 764 eo
726 699 855 764 fuerunt
866 698 1021 764 feliciores
1034 699 1208 764 Turoarum
1220 722 1405 785 progressus
1443 741 1444 798 ,

272 810 304 868 et
334 827 396 888 quo
425 805 527 888 major
559 805 623 869 fuit
655 825 711 888 per
740 808 864 868 nostras
894 803 1071 890 provincias
1093 803 1230 870 Romani
1260 806 1406 890 pontificis

141 968 143 972 ,
271 909 451 986 auctoritas,
476 931 511 974 eo
536 910 669 976 vicinior
692 911 783 974 nobis
805 911 908 976 factus
931 916 979 975 est
994 911 1105 975 Turca.
1133 911 1193 988 nui
1207 911 1297 994 [ltij]
1314 915 1406 975 trans·

271 1015 366 1079 misso
390 1014 516 1082 tandem
533 1015 739 1099 Hellesponto
763 1017 940 1100 penetravit
962 1017 997 1080 in
1012 1016 1182 1102 Europam,
1206 1017 1336 1101 ejusque
1356 1017 1407 1081 loci

270 1120 451 1185 firmissimo
474 1125 566 1205 capto
588 1123 827 1206 propugnaculo
850 1127 1009 1188 totum‘se
1030 1122 1122 1186 nobis
1142 1122 1210 1204 jain
1233 1122 1406 1187 insinuavit.

270 1227 331 1291 Illo
353 1226 618 1314 igitnrtempore
640 1227 749 1294 saevire
768 1229 865 1313 coepit
879 1229 913 1294 in
929 1251 1001 1306 nos3
1022 1225 1058 1295 'et
1078 1227 1232 1292 hodierno
1254 1227 1315 1305 dic,
1340 1248 1405 1311 quo·

270 1334 356 1397 niam
379 1353 516 1417 praesens
539 1356 575 1398 ac
597 1333 931 1420 iusignebeneficium
954 1333 1013 1400 Dei
1037 1357 1101 1398 non
1124 1333 1336 1420 agnoscimus,
1362 1333 1406 1418 qui

270 1439 303 1503 in
327 1438 377 1502 his
400 1441 499 1504 tantis
529 1441 665 1504 miseriis
697 1440 853 1525 evangelii
886 1441 935 1505 sui
958 1440 1135 1506 doctrinam
1159 1439 1251 1504 nobis
1275 1437 1407 1517 reddidit,
1443 1437 1444 1532 l

270 1545 409 1608 omnium
435 1545 649 1610 crudelissime
672 1545 894 1629 belligeratur,
925 1548 958 1609 et
980 1545 1026 1610 ita
1050 1545 1177 1628 quidem
1198 1543 1345 1621 feliciter,
1367 1547 1405 1622 nt,
1440 1555 1444 1650 l

270 1650 392 1732 quoties
417 1651 449 1714 in
473 1673 530 1716 nos
553 1651 725 1716 exercitum
740 1651 854 1732 educit,
877 1651 915 1714 de
931 1650 1062 1716 victoria
1072 1671 1170 1734 prope
1186 1648 1270 1714 nihil
1285 1649 1404 1713 dubitet.

269 1756 361 1822 Hanc
383 1759 490 1822 autem
512 1779 617 1822 rerum
642 1757 824 1821 vastitatem
847 1756 1012 1842 profligari
1034 1777 1126 1840 posse
1156 1755 1256 1821 credit
1287 1755 1356 1833 ille,
1384 1754 1406 1817 si
1443 1771 1444 1834 l

268 1862 385 1928 bellum
409 1864 534 1927 nullum
556 1866 639 1927 esset
661 1863 743 1946 apud
767 1884 824 1926 nos
848 1861 948 1928 civile.
980 1860 1040 1927 Sed
1056 1883 1150 1946 quam
1166 1882 1233 1926 rem
1253 1862 1406 1946 ingraves·
1443 1835 1444 1912 l

269 1971 369 2035 centis
391 1969 494 2034 morbi
517 1968 705 2033 medicinam
728 1991 794 2033 esso
822 1972 933 2052 putat,
965 1967 1034 2032 haec
1054 1967 1123 2051 ipsa
1146 1989 1195 2032 res
1219 1969 1346 2032 morbus
1366 1970 1406 2030 est

268 2079 363 2158 atque
391 2074 539 2158 praesenti
573 2097 651 2158 opus
680 2074 777 2140 habet
808 2073 955 2140 remedio.
1002 2073 1064 2138 Hic
1086 2073 1276 2138 obmutescit
1298 2077 1329 2138 et
1348 2074 1404 2138 dis·

268 2179 407 2254 simulat,
431 2201 532 2262 neque
548 2179 661 2244 vulnus
677 2180 807 2264 detegit,
831 2185 864 2244 et
877 2179 1089 2244 reconciliatis
1103 2174 1286 2264 principum
1302 2179 1405 2244 animis

163 2285 166 2290 ’
268 2285 375 2350 omnia
397 2283 458 2349 sibi
481 2305 632 2368 prospera
653 2284 830 2368 pollicetur,
854 2288 885 2348 et
908 2284 987 2348 illud
1010 2283 1189 2368 inprimis,
1214 2285 1313 2370 quod,
1336 2306 1404 2368 quas

268 2391 335 2473 ipse
357 2393 449 2455 vocat
470 2389 623 2468 haereses,
658 2413 710 2454 eas
740 2390 914 2456 arbitratur
945 2393 1013 2454 tum
1036 2389 1129 2454 facile
1151 2412 1243 2474 posse
1265 2390 1411 2461 radicitus¹

268 2496 368 2561 evelli.
415 2495 595 2561 Admodum
609 2497 751 2572 ,fecunda
773 2500 849 2562 sunt
871 2498 938 2564 haec
960 2496 1047 2562 illius
1070 2497 1175 2572 verba,
1199 2517 1302 2579 neque
1322 2493 1403 2558 facile

180 2606 182 2612 '
268 2606 371 2666 totum
394 2601 528 2686 exprimi
551 2607 672 2685 potest,
702 2604 784 2687 quod
808 2604 842 2666 in
866 2604 930 2668 illis
953 2603 1075 2689 tegitur
1096 2602 1285 2668 involutum.
1328 2599 1402 2664 Nam

267 2707 534 2772 existimationem
568 2707 630 2772 sibi
663 2712 756 2792 parat
789 2709 848 2775 hoc
880 2709 970 2793 ipso,
1011 2709 1102 2792 quasi
1135 2707 1296 2792 publicam
1328 2705 1402 2770 orbis

208 2815 210 2818 ’
267 2812 404 2894 quietem
428 2813 544 2896 cupiat,
568 2815 658 2898 quasi
681 2814 849 2879 concilium
863 2817 969 2897 optet3
995 2814 1152 2898 principes
1168 2813 1275 2890 etiam,
1299 2811 1401 2896 quibus

267 2918 324 2983 illa
346 2917 481 3000 scripsit,
505 2917 632 3002 oblique
655 2919 910 2997 commonefacit,
938 2923 975 2983 ut
1002 2919 1036 2983 in
1060 2941 1112 2994 ea,
1145 2939 1240 3002 quam
1261 2918 1400 2984 hactenus

267 3023 469 3088 retinuerunt
491 3045 566 3107 erga
587 3024 711 3108 ipsum,
746 3025 910 3088 voluntate
938 3028 970 3088 et
998 3023 1218 3101 observantia,
1252 3023 1318 3088 sint
1338 3043 1401 3086 oon·

268 3133 408 3205 stantes,
441 3143 542 3212 neque
574 3129 750 3194 doctrinam
778 3130 951 3214 admittant
973 3129 1080 3206 illam,
1113 3151 1209 3213 quam
1232 3129 1316 3192 inter
1336 3126 1402 3192 alias

268 3234 352 3298 orbis
375 3235 573 3299 calamitates
596 3238 752 3312 recenset,
775 3257 812 3300 ac
833 3235 926 3300 facile
948 3239 1070 3319 sperat,
1093 3234 1232 3318 adeoque
1254 3231 1401 3316 promittit

267 3339 404 3423 opprimi
426 3362 516 3424 posse
539 3343 650 3416 totam,
673 3341 851 3423 conjunctis
873 3362 983 3425 regum
1000 3341 1120 3406 viribus
1136 3343 1168 3404 et
1187 3341 1192 3420 Ι
1212 3339 1319 3404 armis.
1351 3336 1401 3402 De·

267 3443 357 3520 inde,
380 3444 455 3507 drrm
477 3444 523 3508 sic
548 3444 587 3508 ad
610 3446 877 3526 perseverantiam
899 3467 951 3510 eos
974 3447 1139 3522 hortatur,
1172 3444 1231 3510 alit
1253 3443 1401 3516 factiones,

267 3549 359 3613 etad
382 3549 533 3632 majorem
557 3544 761 3614 acerbitatem
785 3551 963 3616 inflammat
985 3549 1118 3626 animos,
1141 3553 1173 3614 et
1196 3552 1347 3632 tanquam
1365 3546 1401 3610 di-

267 3653 335 3738 gito
358 3651 493 3730 indicat,
526 3653 560 3716 in
583 3653 622 3717 iis
646 3654 782 3717 comitiis
806 3659 837 3718 et
860 3655 1099 3738 quibuscunque
1122 3653 1194 3718 aliis
1215 3653 1401 3720 tractandum

266 3777 333 3821 esse
357 3757 394 3820 dc
417 3758 518 3821 causis
541 3761 667 3821 tantum
692 3758 846 3837 civilibus,
871 3763 904 3822 et
926 3746 1090 3840 religionis
1114 3761 1278 3846 negotium
1306 3759 1400 3824 debere

267 3861 305 3925 ad
322 3861 490 3926 concilium
505 3860 667 3944 publicum
678 3863 774 3945 rejici.
801 3864 890 3941 Quod
901 3846 994 3930 facilc
1006 3866 1107 3948 possit
1117 3865 1188 3950 cogi
1200 3866 1309 3932 sedato
1324 3861 1399 3935 bello,

267 3967 354 4050 cujus
370 3965 632 4050 pacificationem,
657 3969 731 4051 quia
747 3967 968 4034 difficillimam
984 3972 1016 4032 et
1031 3990 1127 4054 supra
1142 3970 1271 4034 modum
1287 3969 1398 4037 arduam

266 4073 439 4146 esse'videt,
453 4071 523 4136 idco
534 4059 750 4138 vehementius
763 4079 864 4160 urget,
880 4078 925 4148 ut,
943 4095 1129 4160 quocunque
1140 4074 1234 4139 modo
1249 4096 1299 4138 res
1315 4072 1397 4144 cadat,

266 4197 323 4258 pro
336 4177 497 4258 republica
511 4177 621 4242 fecisse
632 4178 753 4262 aliquid
765 4179 916 4244 videatur.
940 4180 1033 4259 Quid,
1050 4202 1089 4244 an
1105 4180 1207 4243 ullum
1223 4179 1276 4244 bie
1287 4176 1397 4263 apparel

266 4279 452 4362 poenitentis
468 4283 567 4347 animi
582 4284 779 4371 vestigium?
802 4308 843 4350 an
858 4284 925 4349 ulla
941 4306 1010 4370 spes
1021 4284 1252 4350 emendationis
1263 4280 1395 4368 affulget?
