2930 4998
594 315 656 380 235

62 512 117 554 rem
139 490 238 578 magis
261 490 441 574 deplorent,
474 509 569 574 quam
600 487 682 571 quod
714 487 818 552 totum
841 486 901 551 hoo
922 506 1022 572 genus
1045 483 1196 552 doctrinae

62 616 115 658 non
136 595 178 668 sit
198 595 325 680 penitus
349 595 504 674 deletum,
536 615 598 678 quo
626 593 796 677 pristinam
819 593 1010 678 dignitatem
1034 591 1123 656 illam
1145 612 1195 656 re·

60 721 194 784 superare
216 701 341 784 possint
363 707 395 766 et
419 700 628 785 splendorem.

135 805 253 898 Quodsi
275 805 358 870 forts
381 805 497 882 dicent,
520 803 700 870 soluturos
724 825 787 870 non
811 802 1038 879 intractabiles,
1062 805 1094 865 et
1115 800 1195 866 velle

57 1013 150 1080 Annis
178 1016 297 1082 abhinc
327 1016 443 1100 viginti
474 1019 506 1082 et
533 1036 569 1080 so
598 1014 692 1099 plus,
727 1035 792 1078 nou
820 1014 914 1078 modo
944 1033 1008 1078 nou
1039 1011 1193 1091 voluistis,

57 1122 150 1202 patres
173 1121 359 1204 purpurati,
382 1120 565 1204 petentibus
587 1119 646 1186 hoc
670 1119 857 1186 adversariis
880 1118 993 1184 vestris
1016 1117 1193 1194 concedere,

55 1223 100 1288 sed
119 1225 203 1290 ferro
226 1228 258 1290 et
279 1227 407 1290 flamma
429 1230 461 1292 et
483 1226 586 1290 omnis
608 1225 733 1311 generis
749 1224 973 1290 acerbitatibus
989 1244 1115 1288 causam
1131 1221 1194 1286 ini·

55 1329 229 1410 quissimam
244 1332 478 1416 propugnaretis.
505 1331 570 1396 Vos
581 1331 631 1396 illi
646 1331 731 1410 estis,
756 1331 811 1415 qui
826 1334 941 1415 praeter
955 1331 1005 1414 jus
1022 1333 1054 1394 et
1069 1349 1194 1413 aequum

54 1434 198 1515 plurimos
221 1436 289 1500 vita
319 1435 488 1521 spoliastis.
534 1435 600 1502 Vos
626 1436 695 1516 illi,
732 1436 785 1521 qui
818 1436 940 1520 puellas
969 1439 1001 1500 et
1032 1437 1194 1498 matronas

54 1539 239 1622 complures,
262 1541 372 1606 viduas
395 1540 515 1607 lecistis
538 1545 612 1606 anta
635 1541 736 1620 diem,
768 1542 822 1624 qui
845 1560 958 1625 pueros
981 1539 1119 1604 infantes
1142 1560 1194 1602 or·

53 1642 159 1723 bestia,
184 1645 300 1728 quibus
322 1646 453 1710 omnino
476 1667 580 1712 carere
602 1667 667 1711 nou
689 1648 856 1730 poteraut,
888 1645 1082 1732 parentibus.
1127 1642 1193 1708 Vos

52 1748 102 1830 illi,
124 1751 179 1834 qui
203 1753 330 1818 turbam
354 1753 520 1818 homiuum
543 1753 703 1818 infinitam
733 1753 767 1816 in
797 1751 927 1816 exilium
950 1751 1082 1834 ejectam
1104 1771 1121 1814 e
1143 1769 1192 1812 se-

53 1854 135 1920 dibus
159 1857 300 1940 pateruis
323 1859 499 1942 expulistis.
546 1857 612 1924 Vos
634 1859 702 1937 illi,
734 1859 790 1942 qui
811 1857 937 1922 frenum
960 1856 1111 1941 injecistis
1134 1853 1192 1918 ho-

51 1961 165 2026 minnm
188 1965 395 2044 sermonibus,
419 1969 451 2029 et
473 1965 622 2050 loquendi
645 1965 807 2031 ademistis
822 1964 1011 2029 libertatem.
1043 1959 1109 2025 Vos
1132 1956 1192 2036 illi,
1246 1986 1250 1994 ⁴

51 2066 106 2147 qui,
129 2089 209 2150 quos
225 2076 341 2136 natura
356 2072 522 2154 conjunxit
536 2075 569 2136 et
580 2071 747 2156 sanguinis
763 2069 994 2155 propinquitas,
1020 2063 1192 2130 diremistis

49 2174 75 2234 et
96 2173 233 2238 invicem
256 2176 412 2242 armastis
459 2175 524 2242 Vos
547 2177 613 2257 illi,
649 2177 704 2261 qui
728 2175 904 2242 Germania
926 2172 1064 2239 dissidiis
1086 2173 1118 2235 et
1141 2168 1191 2231 in-

49 2277 159 2340 cendiis
183 2283 368 2362 perpetuam
390 2281 567 2364 subjecistis
590 2281 773 2359 materiam,
806 2281 862 2364 qui
893 2301 956 2344 non
989 2275 1085 2341 semel
1117 2273 1193 2338 estis

48 2381 162 2461 conati,
194 2382 312 2449 bellum
341 2386 374 2450 in
406 2409 442 2452 ea
471 2386 634 2452 funestum
657 2391 688 2452 et
712 2386 784 2471 plus
809 2408 903 2470 quam
926 2383 1113 2448 intestinum
1137 2399 1190 2442 ex-

609 2559 626 2599 ’Β

46 2697 152 2782 unligt,
179 2697 265 2762 daun
288 2699 343 2764 das
366 2700 452 2766 seine
475 2700 646 2785 widcrpart
669 2701 734 2766 und
757 2700 822 2766 dise
845 2700 908 2764 lere
930 2698 980 2764 nit
1001 2700 1097 2781 ganta
1119 2717 1189 2759 ver-

45 2801 196 2887 nichtiget
220 2805 284 2870 und
307 2806 550 2891 ausgewurtzlet
572 2806 630 2885 ist,
656 2806 757 2872 demit
778 2827 811 2870 er
835 2803 1046 2888 lriumphiren
1070 2801 1187 2878 m'dcht,

45 2905 96 2970 wie
118 2908 309 2993 gewonlich.

123 3013 256 3098 Sprioht
278 3036 311 3079 er
333 3014 417 3093 aber,
442 3016 543 3094 ersei
566 3038 598 3080 es
622 3016 785 3097 atfriden,
808 3017 874 3082 und
896 3016 950 3081 wil
973 3015 1088 3081 etliche
1111 3014 1188 3100 ding

43 3116 116 3184 chun
141 3118 364 3198 Reformiren,
387 3141 422 3184 so
445 3121 558 3206 kompt
579 3145 613 3188 er
635 3123 713 3188 eben
738 3127 776 3188 at
800 3123 924 3188 rechter
946 3123 1008 3187 aeit
1031 3144 1090 3199 an,
1123 3119 1188 3184 und

42 3225 144 3288 mdcht
168 3225 219 3288 nit
241 3226 302 3290 nol
325 3226 434 3312 longor
456 3228 623 3292 ausbliben
645 3228 722 3292 sein.
764 3227 888 3296 Seither
912 3227 988 3311 xxij.
1009 3227 1100 3310 jaren
1123 3225 1188 3289 und

41 3325 189 3409 darfibcr,
225 3329 282 3396 hat
315 3353 406 3396 mans
436 3333 486 3396 nit
516 3333 612 3398 allein
636 3355 696 3398 von
722 3335 800 3400 cuch
824 3335 875 3399 uit
897 3334 1049 3418 erlangen
1072 3337 1187 3415 mdgen

41 3434 130 3511 (liobe
152 3435 282 3520 herren)
306 3437 419 3502 sonder
441 3439 522 3504 auch
545 3438 623 3504 habt
644 3440 673 3504 ir
698 3441 758 3504 mit
779 3440 866 3520 seur,
890 3442 952 3506 mit
973 3459 1104 3515 wasser,
1128 3435 1189 3500 mit

41 3539 104 3604 dem
128 3541 232 3606 stricls
256 3542 320 3606 und
343 3542 478 3608 schwert
501 3543 637 3610 dawider
668 3545 837 3631 gefochten
866 3545 931 3610 und
961 3537 1108 3630 gewbtct.
1155 3539 1188 3604 Ir

38 3641 112 3710 habt
134 3645 255 3712 seither
278 3647 431 3714 manchon
447 3647 622 3727 bidermau,
647 3652 722 3731 umb
738 3651 811 3731 leib,
836 3652 927 3716 leben
943 3649 1008 3714 und
1023 3649 1084 3713 alls
1099 3645 1186 3710 seins

39 3751 162 3816 woltart
186 3751 308 3830 braeht,
331 3752 364 3818 Ir
387 3754 620 3820 habt·manohe
636 3778 718 3821 arwe
734 3757 849 3822 waiscn
865 3756 931 3820 und
947 3755 1068 3820 ellende
1082 3752 1187 3817 witwe

19 3857 200 3937 gemacht,
236 3856 293 3921 Ihr
320 3857 398 3922 habt
429 3860 554 3945 unzclig
576 3861 620 3924 vil
643 3861 760 3926 fromer
781 3862 849 3926 leui
872 3862 925 3926 dcs
947 3861 1038 3926 lenda
1062 3860 1186 3943 verjagt

38 3962 97 4024 uud
120 3964 316 4045 verbannet,
347 3962 380 4026 11
403 3964 482 4029 habt
505 3965 564 4030 den
588 3967 695 4031 leuton
718 3969 773 4032 das
797 3967 883 4032 maurl
906 3969 1084 4051 gosperret,
1108 3965 1185 4042 also,
1292 3989 1296 3997 ·

37 4064 86 4129 das
110 4067 168 4130 der
190 4070 279 4131 vater
301 4089 402 4154 gegen
426 4071 497 4136 dem
519 4093 586 4149 son,
610 4073 659 4136 ein
683 4074 801 4138 budder
823 4094 926 4159 gegen
950 4072 1021 4136 dem
1046 4070 1184 4134 anderen

36 4172 202 4236 verbittcrt
224 4172 276 4249 ist,
301 4173 334 4236 Ir
355 4174 439 4252 habt
457 4175 613 4242 Teutsche
631 4177 763 4256 Nation,
787 4181 820 4244 in
845 4198 972 4262 grosser
994 4172 1184 4260 geldrlioher

35 4277 235 4362 uncinigkeit
258 4278 424 4362 gehslten,
449 4282 529 4348 auch
551 4284 602 4348 uit
624 4283 741 4348 einmal
764 4281 1017 4357 understanden,
1050 4276 1185 4342 diesslbe

35 4401 134 4467 gagen
159 4383 328 4462 einander,
361 4385 461 4450 durch
484 4387 704 4472 burgerlichen
727 4390 819 4476 krisg·
841 4385 1117 4460 auffadwickelen,
1134 4381 1185 4448 ·lr
