2938 4988
608 333 650 396 45

77 505 101 570 id
119 526 207 590 genus
229 504 301 570 eliis
328 503 530 589 prooeribus,
565 503 681 588 quibus
704 523 761 566 uos
783 502 995 587 propinabat,
1028 528 1091 572 non
1116 506 1200 572 deri·

76 611 171 676 dendos
192 612 301 688 modo,
331 609 385 675 sed
407 613 439 674 el
460 607 664 673 excoriandos
686 610 719 672 el
741 606 958 688 dilaniandos,
988 611 1104 696 quibus
1125 615 1198 676 lan·

76 739 152 799 quam
179 717 296 781 terreni
325 714 466 784 numinis
501 713 615 800 legalis
648 713 774 779 obviam
806 733 864 778 nos
895 711 1202 802 progressi'magna

75 820 167 884 letina
188 824 218 886 el
240 819 375 884 solemni
397 841 523 904 pompa,
547 819 672 883 nullum
695 839 760 883 non
776 816 906 884 honoris
921 839 957 884 ao
974 819 1199 886 benevolentia

75 945 155 1009 genus
183 925 329 991 certatim
361 945 469 991 omnes
503 923 772 1009 impendebamus.
820 922 924 1000 Quid,
959 945 1000 988 an
1029 946 1094 990 non
1116 925 1200 990 istud

75 1035 110 1095 ssi
128 1033 277 1116 regnare?
324 1029 441 1095 Nullus
477 1029 540 1094 fuit
562 1051 703 1112 unquam
725 1032 903 1113 lyranuus,
940 1029 995 1112 qui
1026 1031 1202 1114 nequitiam

75 1141 99 1200 el
115 1137 346 1221 improbitatem
368 1157 457 1200 suam
478 1135 525 1200 ila
555 1133 740 1212 occultaris,
775 1136 811 1198 ul
843 1154 907 1198 non
938 1138 1202 1219 agnoscendum

74 1242 216 1325 potissima
237 1242 405 1306 hominum
427 1244 536 1325 parte,
569 1239 624 1306 sed
654 1239 714 1304 isto
743 1259 848 1304 rerum
870 1238 1015 1304 dominus
1038 1245 1200 1326 grassalur

74 1346 299 1426 immanissime,
334 1368 397 1412 non
430 1369 485 1432 per
515 1345 776 1429 unamaliquam
798 1344 1025 1428 rempublicam
1048 1350 1104 1411 aul
1125 1367 1199 1431 pro·

73 1452 198 1532 vinciam,
221 1453 276 1518 sed
299 1473 504 1538 peromnem
527 1451 592 1518 fere
615 1449 793 1536 Europam,
829 1454 861 1515 el
891 1453 998 1516 tamen
1022 1471 1086 1516 non
1108 1453 1202 1518 modo

622 1573 640 1614 a

22 1625 24 1704 l
73 1663 156 1726 saroir
177 1663 229 1729 des
253 1685 356 1743 asnaa,
381 1665 434 1728 des
449 1663 565 1728 vilains
588 1665 621 1726 el
643 1661 817 1742 meschone,
838 1659 892 1726 des
910 1681 1129 1745 maquereaux,
1150 1661 1204 1728 des

74 1767 225 1846 ouisiniers,
250 1768 424 1848 mulsliers,
448 1769 636 1854 hougerons,
653 1765 849 1844 beslelleurs,
873 1769 905 1830 et
920 1768 1025 1831 autres
1045 1769 1203 1851 satrapes:

75 1873 197 1956 ausquels
225 1896 292 1939 non
317 1873 491 1939 seulement
513 1872 538 1938 il
552 1895 633 1938 nous
656 1872 799 1957 exposoit
830 1893 911 1957 pour
948 1877 1030 1938 eslre
1064 1895 1204 1957 moquea,

74 1975 126 2042 ains
146 1983 245 2062 quant
262 1983 295 2042 el
321 1981 421 2062 quani
443 1998 522 2060 pour
544 1981 626 2043 estre
649 1977 809 2044 esoorohez
832 1981 864 2041 el
893 1978 1050 2044 deohireat
1079 1999 1120 2044 au
1150 1977 1204 2044 de-

21 2065 23 2134 l
75 2090 136 2148 rani
155 2085 301 2170 desquels
323 2105 402 2149 nous
423 2083 537 2149 allions
560 2105 599 2148 en
619 2084 739 2169 grande
758 2084 832 2169 joya
848 2086 882 2148 el
895 2103 1010 2167 pompe
1024 2083 1205 2163 solennslle,

74 2210 174 2254 comme
189 2213 229 2255 au
254 2190 372 2255 devant
395 2189 448 2253 des
477 2189 714 2254 ambassadeurs
736 2189 812 2253 d'un
843 2188 914 2254 dieu
950 2179 1084 2254 terrien:
1123 2209 1204 2256 nous

74 2297 236 2380 employans
257 2299 276 2359 a
293 2295 408 2360 l'enuie
424 2297 442 2360 a
461 2294 530 2358 leur
545 2294 625 2360 faire
647 2295 791 2360 honneur
805 2297 839 2359 el
853 2315 981 2360 oaresse.
1011 2292 1092 2379 Ceoy
1108 2295 1206 2360 n'esl-

73 2418 98 2462 oe
125 2400 211 2483 point
245 2401 385 2485 regnor?
430 2398 558 2483 anues
595 2404 691 2486 tyran
727 2421 768 2464 no
798 2399 893 2468 oaoha
928 2421 968 2464 ou
1006 2399 1136 2485 deguiaa
1169 2421 1204 2464 sa

19 2543 20 2552 2
73 2505 238 2570 mauvaislie
263 2509 297 2570 et
311 2503 538 2582 mesohanoeid,
561 2505 588 2569 si
611 2527 671 2588 que
689 2505 721 2570 la
736 2505 808 2589 plus
825 2503 957 2589 parides
973 2504 1044 2588 [21]
1062 2503 1207 2570 hommes

19 2685 20 2696 ἵ
75 2607 133 2672 n'en
153 2609 198 2673 ail
218 2609 290 2673 rien
314 2629 437 2695 oognn:
467 2612 547 2675 mais
571 2631 606 2674 os
628 2610 730 2696 grand
745 2613 778 2676 el
792 2631 937 2696 supreme
956 2609 1118 2676 Monsieur
1139 2609 1206 2674 bri·

19 2699 21 2782 l
73 2713 158 2794 gande
195 2715 404 2780 eruellemenl
447 2736 512 2780 non
553 2737 611 2800 par
649 2715 784 2800 quelque
817 2715 1015 2800 Republique
1052 2737 1093 2779 ou
1130 2735 1204 2798 pro-

19 2811 21 2880 l
73 2817 155 2900 rinos,
177 2821 249 2886 ains
272 2843 331 2905 par
351 2825 440 2886 loule
460 2819 609 2905 l'Europe
631 2822 650 2885 a
674 2843 734 2906 peu
750 2842 837 2906 pres:
862 2826 894 2886 el
918 2820 1111 2886 nonobstanl
1134 2823 1206 2886 lani

622 2942 641 2981 2

72 3029 260 3094 oslenlaoion.
284 3028 367 3096 Para
392 3034 458 3096 esta
480 3051 518 3095 su
531 3029 612 3095 falsa
635 3031 825 3096 meroaderia
844 3053 866 3116 y
888 3029 1204 3116 nego-[134]oiaoion

73 3150 100 3222 se
117 3134 213 3198 servia
238 3135 277 3198 de
292 3135 521 3201 instrumentos
546 3158 621 3221 muy
643 3136 783 3220 propios,
810 3135 957 3200 hombres
973 3136 1125 3213 indoolos,
1148 3157 1201 3200 su-

72 3235 137 3315 zios,
160 3239 389 3324 grandissimos
419 3239 570 3318 rellaoos,
603 3242 790 3326 aloagueles,
817 3241 985 3318 oozineros,
1015 3240 1204 3320 azemileros,

72 3336 273 3422 Sodomilioos,
288 3343 484 3428 ylruhanes,
500 3367 522 3432 y
546 3349 633 3410 olros
656 3345 830 3411 eminentes
852 3346 999 3411 hombres
1017 3345 1203 3430 semejanles

72 3452 197 3513 aesios:
229 3472 250 3513 a
273 3450 320 3514 los
345 3450 453 3534 quales
476 3472 533 3515 nos
553 3454 727 3536 entragava
750 3473 791 3516 no
814 3452 988 3517 solamente
1010 3471 1149 3535 paraque
1172 3473 1207 3516 se

73 3547 202 3618 burlasen
227 3554 265 3619 de
287 3559 422 3633 nostros,
457 3578 534 3640 pero
556 3578 695 3640 peraque
719 3578 778 3622 nos
804 3555 1020 3636 dessollassen,
1049 3579 1070 3641 y
1096 3557 1206 3642 despe-

73 3651 214 3740 daqassen.
259 3657 396 3724 Aeslos
430 3660 555 3742 quando
578 3660 711 3737 venian,
743 3682 832 3725 como
857 3684 877 3726 a
901 3661 1123 3727 embaxadores
1156 3661 1207 3726 del

74 3757 128 3824 dios
149 3762 184 3827 de
206 3761 369 3842 la'tierra,
392 3765 440 3829 los
474 3764 622 3830 saliamos
644 3788 669 3859 a·
687 3765 821 3845 reoebir,
858 3789 917 3832 oon
945 3767 1065 3851 grande
1087 3766 1208 3852 alegria

77 3884 220 3952 ypompa
242 3870 400 3934 solemne:
433 3892 520 3954 yno
542 3871 613 3935 avia
644 3893 760 3956 genero
791 3872 829 3936 do
861 3871 1022 3956 honrray
1051 3872 1089 3936 de
1111 3870 1206 3936 bene-

75 3968 201 4036 voleneia
223 3994 285 4055 que
308 3994 350 4038 no
380 3974 426 4039 les
454 3975 613 4040 haziamos
647 3977 779 4042 todosa
811 3977 912 4062 perfia
942 3999 1021 4042 unos
1051 3976 1089 4041 de
1111 3979 1206 4041 oiros.
1307 4039 1311 4046 .

75 4069 174 4154 Como,
205 4100 226 4162 y
256 4080 324 4142 esto
347 4101 443 4144 noes
467 4083 606 4165 reynarl
630 4080 739 4147 damas
766 4081 808 4148 ha
824 4083 915 4149 arido
930 4085 1044 4167 lyrano
1068 4102 1129 4163 quo
1149 4103 1209 4166 aye

75 4178 175 4257 podido
196 4182 345 4248 enonbrir
370 4205 407 4248 su
422 4183 615 4268 relinqueria
636 4186 913 4273 ydesverguenpa,
941 4187 979 4252 de
997 4207 1127 4251 manera
1148 4207 1210 4270 que

75 4301 109 4344 no
136 4306 193 4369 aya
224 4286 293 4373 sido
327 4289 477 4353 oonooida
510 4290 548 4355 de
581 4291 613 4356 la
636 4314 746 4377 mayor
780 4296 871 4377 parte
902 4292 940 4357 de
969 4292 1016 4357 los
1049 4291 1207 4356 hombres.

75 4382 143 4454 Pero
164 4412 227 4458 esse
256 4413 338 4480 gran
360 4400 453 4460 serior
475 4397 613 4463 exercita
634 4418 672 4462 su
690 4397 817 4484 lyrania
834 4395 1145 4480 omelissimamenle,
1166 4417 1209 4466 no
