2930 4998
807 357 870 421 246

263 555 334 597 rum
356 532 479 597 functio
502 531 543 596 eit
565 530 660 615 plane
683 530 786 598 civilis
810 533 842 595 et
864 531 936 616 plus
958 553 1053 615 quam
1075 531 1227 616 profana,
1263 555 1335 600 suas
1361 537 1403 599 ta·
1459 575 1460 614 ,

263 659 336 702 men
359 637 480 702 interea
502 637 594 702 nobis
626 637 802 701 obtrudunt
834 639 1037 716 sanctitates,
1071 659 1170 723 eoque
1201 641 1330 705 nomine
1355 663 1405 725 pa·

263 744 388 807 tiuntur
411 765 443 806 se
466 746 590 807 tantum
616 764 681 807 non
704 743 838 806 adorari.
870 742 912 807 Et
934 744 1056 808 faciunt
1078 743 1138 809 hoo
1160 745 1276 825 intuo,
1302 743 1404 822 Caesar,
1459 813 1460 820 ,

263 851 450 933 conspectu,
484 869 543 913 nec
571 848 604 912 id
626 849 738 927 modo,
774 850 979 914 verumetiam
1012 871 1083 914 suas
1116 849 1276 914 foeditates
1305 851 1406 915 dextra

263 958 319 1017 tua
341 953 466 1017 defendi
489 954 610 1018 volunt.
657 955 825 1038 Quousque
845 955 972 1019 tandem
996 957 1059 1020 ista
1089 956 1315 1040 perferentur?
1361 954 1407 1020 An
1459 989 1460 1032 ᾗ

262 1062 344 1126 hanc
366 1065 490 1126 tantam
514 1061 675 1126 audaciam
698 1083 790 1126 nemo
813 1084 954 1145 unquam
978 1060 1158 1127 coercebit?
1203 1060 1289 1126 Deus
1313 1064 1406 1145 pater,
1459 1087 1460 1120 r

263 1169 300 1230 nt
322 1166 377 1231 irae
392 1188 456 1232 suae
472 1167 536 1231 vim
552 1172 646 1250 atque
661 1166 914 1252 magnitudinem
931 1166 1022 1232 nobis
1039 1165 1227 1243 ostenderet,
1251 1163 1406 1230 licentiam
1459 1165 1460 1218 ἐ

262 1270 344 1336 hanc
367 1274 399 1336 et
421 1293 576 1337 summam
599 1270 837 1355 improbitatem
861 1270 893 1333 in
924 1291 981 1334 nos
1013 1270 1152 1355 grassari
1183 1269 1350 1354 permisit,
1381 1272 1408 1331 et
1459 1275 1460 1352 j

263 1375 309 1440 ita
331 1397 441 1460 passus
464 1380 528 1454 est,
560 1374 682 1462 ingenii
715 1375 816 1438 nostri
848 1375 947 1439 aciem
979 1395 1105 1438 omnem
1129 1373 1345 1439 circumfundi
1367 1378 1408 1436 te·
1459 1359 1460 1414 l

263 1481 390 1559 nebris,
424 1485 461 1545 ut
489 1481 585 1546 etiam
613 1482 737 1545 mutata
764 1501 870 1544 rerum
900 1483 1016 1544 natura
1038 1485 1069 1544 ct
1094 1480 1297 1556 condicione,
1335 1477 1409 1563 quod
1459 1501 1460 1504 ¹

263 1585 413 1650 vitiosum
436 1591 503 1651 erat
527 1591 559 1652 εὴ
581 1586 750 1650 nefandum
782 1589 814 1650 et
845 1585 998 1669 impium,
1030 1585 1122 1650 nobis
1158 1585 1320 1650 videretur
1353 1605 1409 1648 esse

264 1689 362 1775 pium,
386 1690 555 1756 honestum
579 1695 610 1756 et
634 1695 878 1756 sacrosanctum.
925 1690 1019 1756 Nunc
1042 1712 1132 1769 vero,
1164 1695 1338 1775 postquam
1359 1711 1409 1774 pro

264 1794 419 1860 immensa
442 1797 585 1862 bonitate
608 1819 664 1861 sua
687 1818 744 1860 nos
768 1794 892 1884 itelrum
915 1797 1072 1880 respexit,
1103 1800 1136 1860 et
1158 1795 1341 1879 eripuitex
1361 1795 1410 1859 illa

266 1899 452 1966 densissima
474 1923 579 1965 rerum
603 1902 819 1988 ignoratione,
844 1904 929 1967 clara
952 1923 1026 1968 voce
1049 1903 1176 1979 invitat,
1200 1903 1237 1965 ut
1259 1902 1324 1967 hoo
1345 1905 1409 1966 tan·
1459 1893 1460 1942 l

265 2009 333 2069 tum
357 2007 422 2090 ejus
445 2007 632 2072 beneficium
655 2023 878 2094 agnoscamus,
910 2029 949 2072 ne
978 2007 1199 2092 conduplicata
1228 2009 1343 2071 nostra
1364 2006 1409 2069 de-

263 2111 339 2175 licto
361 2117 476 2197 cogant
499 2113 601 2197 ipsum
625 2114 664 2178 ad
687 2113 873 2178 severiorem
895 2135 1039 2197 poenam,
1073 2117 1105 2177 et
1134 2110 1301 2175 medicinae
1331 2133 1410 2196 spem

263 2238 387 2280 ornnem
410 2217 565 2282 auferant.
613 2219 689 2296 Quae
712 2219 754 2282 sit
776 2218 875 2303 ipsius
905 2219 1069 2298 voluntas,
1104 2221 1136 2282 et
1165 2215 1242 2301 quid
1276 2241 1296 2282 a
1327 2218 1409 2283 nobis

263 2321 421 2404 requirat,
452 2323 673 2407 consignatum
695 2323 824 2406 reliquit
846 2323 889 2386 in·
904 2323 969 2387 suis
992 2326 1225 2405 monumentiS,
1262 2344 1335 2408 quae
1356 2325 1409 2388 mi·
1459 2397 1460 2406 χ

262 2425 393 2492 nisterio
417 2427 547 2511 spiritus
570 2428 609 2491 ad
625 2449 750 2493 omnem
766 2429 986 2513 posteritatem
1002 2433 1190 2512 transmisit,
1214 2437 1251 2499 ut
1270 2435 1410 2500 extarent
1459 2469 1460 2488 r

262 2532 453 2615 sempiterna
476 2532 514 2596 de
535 2532 604 2616 ipso
627 2533 814 2598 documenta
836 2538 868 2598 et
891 2535 1082 2601 testimonia.
1131 2537 1288 2603 Futuram
1320 2537 1410 2603 etiam

262 2657 342 2700 verae
365 2637 516 2702 doctrinae
539 2639 751 2703 miserabilem
774 2642 806 2704 et
829 2640 1019 2705 horrendam
1041 2643 1273 2722 vastationem,
1308 2647 1341 2708 et
1362 2663 1409 2705 ex·

263 2741 418 2806 orituram
441 2743 475 2807 in
499 2743 628 2808 ecclesia
656 2745 859 2829 tyrannidem
892 2747 1067 2829 quandam,
1103 2747 1247 2810 omnium
1279 2749 1411 2813 maxime

263 2845 432 2930 insignem,
456 2848 490 2911 in
513 2849 680 2932 postremis
703 2851 919 2934 temporibus,
955 2851 1070 2916 diserte
1101 2853 1351 2935 praenuntiavit;
1384 2855 1410 2914 et

263 2972 299 3014 ea
321 2950 390 3035 ipsa
412 2953 491 3032 loca,
515 2953 628 3037 quibus
650 2955 717 3018 haec
739 2955 890 3020 vaticinia
914 2957 1134 3036 continentur,
1169 2959 1307 3022 obscura
1329 2958 1410 3042 prius

263 3055 296 3118 in
321 3057 446 3142 magnis
469 3058 533 3121 illis
556 3059 707 3122 doctrinae
730 3059 888 3139 tenebris,
924 3082 1010 3126 nunc
1043 3062 1140 3126 etiam
1170 3062 1256 3126 inter
1286 3064 1352 3128 alia
1372 3062 1411 3125 sic

263 3161 413 3246 patefecit
437 3167 468 3227 et
490 3163 672 3242 illustravit,
697 3168 733 3228 ut
755 3164 836 3230 nihil
860 3166 995 3249 amplius
1018 3166 1158 3231 dubitari
1181 3168 1297 3251 possit,
1323 3189 1411 3252 quam

263 3287 329 3330 rem
353 3271 448 3351 atque
470 3289 637 3352 personam
660 3269 835 3355 designent.
883 3270 943 3336 Sed
973 3277 1004 3337 et
1027 3271 1091 3336 vim
1113 3273 1202 3337 illam
1226 3276 1260 3338 et
1283 3274 1410 3359 injurias

264 3375 295 3436 et
325 3375 547 3452 contumeliae,
578 3375 692 3458 quibus
722 3375 890 3460 imperinm
913 3376 1109 3442 Romanum
1125 3381 1157 3441 εὴ
1191 3378 1410 3464 magistratum

263 3478 370 3544 aDeo
394 3481 621 3558 constitutum,
654 3482 817 3547 asseculis
847 3483 913 3566 jam
945 3483 1066 3567 aliquot
1089 3483 1227 3548 Romani
1250 3485 1411 3568 pontifices

220 3601 222 3605 ·
263 3585 445 3663 affecerunt,
471 3587 577 3650 eadem
600 3587 751 3652 vaticinia
774 3587 1053 3671 comprehendunt.
1087 3587 1129 3653 Et
1151 3593 1188 3654 ut
1210 3591 1340 3657 nullum
1362 3611 1409 3654 ex-

263 3692 345 3752 taret
368 3690 532 3774 scripturae
555 3691 773 3757 testimonium
797 3713 833 3757 ca
857 3693 894 3756 de
924 3714 978 3771 re,
1013 3697 1141 3771 tamen,
1178 3694 1205 3758 si
1238 3695 1410 3760 doctrinam

263 3795 404 3878 ipsorum
427 3799 459 3860 et
481 3797 725 3862 constitutiones
749 3801 781 3862 et
804 3797 1003 3880 disciplinam
1027 3803 1059 3862 et
1075 3798 1148 3862 vitae
1162 3798 1330 3865 licentiam
1347 3798 1410 3883 quis

263 3899 444 3978 intueatur,
468 3902 537 3966 fieri
560 3924 624 3967 non
646 3906 771 3986 potest,
806 3903 883 3986 quin
907 3907 994 3967 totus
1017 3903 1189 3968 horrescat.
1235 3904 1318 3969 Nisi·
1334 3905 1409 3969 enim

263 4009 367 4069 essent
390 4027 408 4068 a
433 4004 497 4071 Deo
521 4007 615 4091 plane
637 4007 746 4090 rejecti
769 4012 801 4071 et
824 4009 987 4086 destituti,
1011 4029 1075 4073 non
1098 4009 1283 4075 laberentur
1308 4028 1409 4074 omnes

262 4111 296 4173 in
320 4132 387 4174 eam
411 4113 527 4176 mentis
542 4114 702 4178 vesaniam
718 4113 827 4178 ethaeo
843 4111 934 4178 tanta
949 4119 1077 4199 tamque
1094 4115 1264 4181 manifesta
1278 4117 1405 4202 flagitia.

262 4215 313 4280 sic
334 4216 419 4280 enim
443 4237 476 4280 se
492 4220 677 4300 comparant
693 4220 760 4282 tota
775 4218 851 4296 vita,
875 4219 974 4301 quasi,
999 4217 1091 4304 [Yij]
1116 4220 1170 4302 qui
1194 4220 1300 4284 locum
1323 4220 1408 4284 illum

263 4325 295 4384 et
316 4321 446 4385 honoris
468 4323 602 4406 gradum
632 4327 738 4403 tenet,
770 4325 855 4388 huno
884 4330 1029 4408 oporteat
1051 4326 1085 4389 in
1109 4325 1196 4389 omni
1220 4345 1337 4411 genere
1358 4346 1406 4388 ne·

265 4424 373 4505 quitiae
397 4426 590 4511 singularem
614 4431 646 4492 et
668 4429 872 4494 excellentem
896 4449 985 4495 esse·
