2938 4988
602 365 642 434 ‘13

64 545 210 622 Quomodo
234 547 356 623 autem,
387 566 429 609 an
457 543 560 609 hastis
581 545 614 608 et
636 543 764 608 ensibus
786 545 818 607 et
840 541 872 606 vi
895 563 1053 610 armorum
1076 546 1108 608 et
1130 563 1198 610 ma·

65 651 150 714 chinis
171 650 317 715 bellicis?
361 647 513 727 Minime,
545 647 599 712 sed
622 648 690 714 sola
718 647 807 713 verbi
836 647 936 712 divini
966 647 1198 732 praedicatione.

64 755 162 820 Nonne
183 754 242 820 hoc
265 753 410 819 miraculi
434 753 563 839 plenum
587 755 661 818 estl
707 753 789 830 Quid
813 752 942 818 interim
964 774 1053 839 reges
1075 759 1107 820 et
1131 777 1198 820 mo·
1226 741 1228 744 ⁵

64 860 195 924 narchae?
239 857 451 922 Fremuerunt
473 857 567 922 initio
591 857 809 935 vehementer,
834 879 893 922 nec
914 857 1008 922 hodic
1030 858 1125 943 plane
1146 881 1197 924 rc·

63 967 182 1030 mittunt
204 965 278 1041 iras,
301 965 444 1036 fecerumt
465 962 501 1026 iu
524 962 590 1046 ejus
613 962 762 1047 gratiam,
787 961 871 1046 quod
895 964 1000 1046 quiris
1022 964 1200 1030 adolescens
1325 985 1332 1000 ·

18 1119 19 1122 ,
62 1093 108 1154 pro
128 1070 243 1154 puella,
268 1091 362 1152 quum
387 1070 488 1146 amet,
513 1067 538 1131 si
561 1067 795 1152 periclitantem
828 1067 968 1147 videret,
999 1069 1135 1134 libenter
1158 1068 1201 1136 sit
1245 1070 1252 1086 '
1367 1065 1370 1072 '

62 1176 197 1240 facturus.
246 1174 328 1253 Quid
352 1172 481 1237 iuterim
503 1172 571 1250 illi,
598 1193 732 1255 quorum
755 1173 915 1256 scriptura
937 1173 1092 1254 meminit,
1117 1197 1200 1240 mer·

63 1286 167 1346 catores
190 1283 247 1345 aut
271 1277 401 1363 quinam
426 1277 481 1340 isti
503 1278 602 1342 sunt?
633 1275 724 1341 Certe
746 1279 815 1342 tcta
836 1278 1069 1361 pontificiorum
1092 1280 1198 1360 turba,

18 1439 20 1444 ,
63 1387 106 1470 qui
127 1385 338 1450 characterem
361 1385 392 1446 et
416 1385 523 1446 notam
547 1384 664 1467 gerunt
685 1381 812 1460 bestiae,
842 1383 898 1466 qui
921 1385 1119 1468 precatoris
1142 1385 1200 1451 bo·

62 1491 186 1555 minibus
210 1487 352 1573 iusignia
374 1486 515 1570 quaedam
539 1484 659 1552 babent
682 1485 858 1572 privilegia.
902 1486 996 1553 Stant
1018 1510 1126 1556 omnes
1148 1493 1199 1556 at·

62 1596 154 1674 toniti,
176 1595 345 1672 mirantur,
369 1613 439 1676 quse
461 1591 527 1655 sint
549 1591 611 1654 ista
634 1589 779 1672 fulmina,
804 1614 873 1675 quae
889 1597 1059 1677 tempestas
1076 1599 1108 1660 et
1123 1617 1198 1679 pro·
1266 1677 1268 1682 Ι

63 1702 143 1778 cellae,
167 1700 335 1783 deplorant
364 1697 506 1761 miserias
534 1699 566 1761 ct
597 1700 818 1780 paupertatem
848 1719 958 1777 suam,
991 1700 1095 1783 quod,
1129 1723 1200 1766 cum

64 1808 142 1868 anua
163 1799 421 1889 copiolsissimam
444 1799 598 1865 haberent
623 1818 764 1879 messem,
788 1803 820 1865 et
842 1801 1038 1868 uberrimum
1060 1803 1200 1870 facerent

64 1909 200 1973 carabus
224 1907 372 1972 omnibus
392 1905 578 1989 variumque
601 1909 766 1989 quaestum,
789 1927 874 1972 nunc
896 1909 1080 1992 planet
1013 1909 1080 1976 sint
1101 1911 1182 1976 desti
1155 1911 1199 1974 t'·

16 2027 29 2042 ““
64 2015 123 2091 tuti,
147 2035 205 2080 nec
228 2012 386 2078 rationem
407 2011 505 2075 ullam
528 2008 657 2074 videant
678 2011 793 2075 amissa
816 2013 1029 2096 recuperandi.

15 2097 17 2226 l
136 2117 195 2183 Sed
218 2140 259 2182 ne
281 2116 467 2235 hoc1psum
491 2113 618 2198 quidem
641 2115 821 2199 praesidium
852 2120 884 2181 et
914 2119 1201 2204 propugnaculum,

64 2245 115 2306 quo
143 2224 208 2288 fere
238 2223 305 2286 solo
335 2221 397 2285 niti
389 2223 451 2284 'tur
481 2219 644 2285 Romanus
676 2221 839 2299 dominus,
870 2221 998 2288 firmum
1028 2224 1106 2288 satis
1137 2224 1200 2290 fuit

15 2355 17 2400 ,
64 2325 202 2391 hactenus
227 2330 283 2392 aut
306 2326 450 2391 solidum.
496 2325 715 2390 Defenderunt
737 2326 860 2390 illum
851 2327 944 2392 mitio
967 2350 1058 2414 reges
1082 2328 1201 2413 pariter

64 2451 174 2506 omnes,
209 2431 282 2496 et
273 2435 320 2495 rta
349 2431 475 2513 quidem
509 2431 643 2510 acriter,
679 2435 715 2495 ut
742 2431 850 2496 omnia
879 2433 1022 2497 viderent
1008 2437 1060 2497 tur
1083 2455 1142 2519 pro
1164 2455 1201 2498 co

14 2589 15 2620 ,
64 2537 245 2620 suscepturi,
276 2557 362 2600 nunc
391 2539 495 2600 autem
525 2557 562 2599 ex
593 2535 643 2599 his
674 2536 752 2620 ipsis
783 2537 911 2621 quidam
935 2537 1134 2616 defecerunt,
1168 2541 1202 2602 et

618 2657 636 2696 a

14 2807 15 2810 ,
64 2767 112 2808 uns
128 2745 189 2811 sot
212 2747 267 2811 der
282 2747 514 2832 'barmhertzig,
539 2746 579 2810 da
601 2767 635 2810 er
658 2719 788 2830 spricbt,
813 2745 846 2810 Iu·
869 2747 954 2811 mein
970 2749 1071 2826 volclr,
1096 2748 1199 2812 meins

64 2851 265 2930 eusserlrorne,
288 2852 395 2916 fliehct
417 2853 478 2916 aull
503 2852 558 2916 der
580 2871 711 2936 grosscn
734 2854 798 2916 stat
821 2851 985 2938 Babylon,
1008 2853 1120 2917 dedic
1142 2875 1198 2938 ge·

64 2955 233 3022 schmuclrte
256 2956 347 3020 dirue
369 2957 414 3020 ire
437 2977 576 3040 wonung
598 2956 673 3035 hat,
708 2955 808 3020 demit
837 2956 865 3020 ir
895 2956 959 3021 irer
988 2958 1109 3022 stlntlen
1133 2959 1199 3022 und

64 3059 157 3138 laster,
179 3061 262 3127 auch
285 3062 347 3125 irer
370 3062 528 3146 straffung
550 3061 615 3125 und
639 3061 825 3126 verderbens
850 3063 899 3124 nit
921 3061 1094 3147 teylhaftig
1117 3083 1197 3127 wer-

66 3165 137 3230 dent.
181 3166 276 3230 Denn
299 3167 346 3230 ire
374 3166 580 3231 missetheten
614 3166 679 3230 und
701 3166 821 3230 stintlen
845 3164 915 3229 sind
939 3165 993 3231 biss
1014 3187 1076 3251 gen
1100 3166 1198 3232 himel

64 3271 261 3357 aufgestigen,
285 3272 349 3334 und
374 3272 436 3336 Got
457 3271 500 3335 ist
523 3271 601 3335 aller
623 3270 687 3335 iret
710 3271 807 3335 lastcr
829 3270 1032 3354 eingedenelr.
1072 3271 1200 3337 Bezalet

65 3375 102 3437 sic
121 3377 177 3440 mit
200 3376 362 3441 dersclben
387 3397 510 3440 massen
532 3376 591 3440 wie
614 3376 659 3440 sie
682 3375 760 3440 euch
786 3374 906 3458 gethan
929 3374 994 3453 bat,
1018 3377 1083 3440 und
1105 3377 1199 3462 g'ebts

65 3478 88 3541 ir
107 3482 260 3566 uweyfach
283 3482 364 3547 nach
387 3483 455 3545 iren
472 3482 624 3546 werckeu.
661 3480 710 3544 Im
734 3479 994 3564 trinclrgescbicr,
1018 3479 1132 3545 darinn
1156 3482 1203 3546 sie

67 3585 122 3648 iren
154 3587 332 3650 onsaubern
368 3586 449 3650 wein
482 3585 658 3671 gemischt,
693 3586 757 3649 und
787 3585 867 3649 euch
898 3585 1107 3669 geschenolret
1134 3584 1202 3664 hat,

68 3690 181 3755 utllent
202 3691 232 3753 ir
254 3690 428 3754 widerumb
460 3689 608 3754 uweifach
643 3689 784 3754 mischen
818 3691 882 3753 und
916 3689 1101 3755 schencken.
1153 3689 1203 3754 Ye

69 3796 182 3861 stoltuer
204 3797 269 3860 und
292 3796 507 3880 hochfertiger
531 3797 576 3860 sie
599 3817 752 3881 genesen,
776 3795 841 3859 und
864 3818 903 3879 ye
919 3799 1061 3881 grbssere
1076 3793 1203 3858 wollust

68 3897 104 3962 sie
123 3901 240 3985 ghapt,
278 3923 318 3986 ye
345 3906 509 3986 grosseren
541 3901 736 3965 schmertaen
769 3900 897 3964 wtillent
928 3897 956 3964 ir
987 3899 1110 3964 anthim
1142 3901 1200 3962 cto.

71 4000 178 4071 berault
201 4007 287 4070 daun
311 4004 479 4090 gewilllich
502 4006 567 4069 und
590 4004 908 4089 onwidersprechlich
931 4008 968 4069 ml
991 4002 1200 4068 beschlieesen

70 4105 111 4183 ist,
133 4109 184 4174 das
206 4112 263 4175 der
284 4109 476 4188 Endchrist,
511 4110 565 4174 der
594 4110 823 4194 widerwertigc
848 4109 959 4184 Getis,
995 4107 1093 4172 fallen
1116 4107 1201 4184 mulli,

71 4211 139 4276 deun
154 4215 215 4280 Got
236 4217 310 4280 hats
329 4215 449 4300 geredt,
474 4214 523 4278 die
546 4214 700 4280 schriften
723 4214 787 4279 und
810 4212 1011 4297 prophecien,
1034 4212 1094 4275 mit
1117 4211 1200 4276 allen

72 4313 129 4380 iren
147 4319 365 4397 umbstenden,
388 4321 452 4384 und
469 4320 614 4404 zeychen,
638 4319 807 4385 schliessen
824 4316 1006 4404 cygentlich
1023 4318 1091 4381 suff
1103 4316 1201 4392 disan,

74 4421 125 4484 und
144 4422 265 4509 keynen
288 4426 434 4489 anderen.
