2930 4998
625 349 683 411 281

75 520 179 585 demia
203 519 440 604 Noribergensi,
465 519 503 586 X.
528 519 661 586 Kalend.
687 519 833 588 Januarii
857 517 895 586 A.
920 517 1154 587 M.D.XOVIII.

163 625 286 694 Zdrieh.
366 677 369 682 ,

443 729 551 795 Dritte
573 731 719 814 ausgebe.
766 734 858 797 1608.

162 834 377 900 IOHANNIS
412 838 417 918 Ι
452 834 659 902 SLEIDANI
693 837 697 917 Ι
733 836 954 902 OPVSOVLA
992 833 1221 920 OVAEDAM,l

74 938 262 1017 OVORVM
286 940 378 1006 IPSE
400 940 567 1006 PARTIM
583 939 747 1028 AV·lctor,
771 942 888 1025 partim
913 941 1082 1024 Interpres.
1105 939 1110 1026 Ι
1130 941 1156 1018 Ι,
1176 940 1224 1005 De

74 1048 214 1128 quatuor
237 1045 373 1110 Summis
404 1045 548 1130 Imperiis
580 1047 648 1113 Lib.
674 1046 733 1110 III.
766 1050 770 1129 Ι
800 1046 852 1126 II,
885 1047 945 1113 OL.
970 1044 1157 1112 satanan
1186 1046 1224 1109 de

73 1150 199 1234 Repub.
225 1150 388 1216 Gallorum
408 1149 414 1236 Ι
433 1153 456 1216 de
479 1173 590 1236 regum
612 1152 735 1228 officiis,
760 1152 833 1216 libri
858 1151 899 1218 ΙΙ.
939 1152 1052 1218 Latine
1075 1150 1198 1216 redditi.
1218 1148 1221 1236 Ι

72 1255 142 1332 HI,
167 1255 297 1322 Summa
320 1258 471 1324 doetrinae
494 1256 708 1324 PLATONIS
731 1257 779 1322 De
799 1255 803 1344 Ι
823 1257 904 1341 Rep.
929 1257 952 1322 dr
974 1249 1106 1342 legibus.
1135 1259 1140 1338 Ι
1165 1253 1222 1320 IV.

71 1360 245 1426 Orationes
269 1363 356 1426 duae:
382 1385 442 1428 vna
465 1364 504 1428 ad
520 1362 667 1428 Carolum
685 1362 724 1428 V.
746 1363 749 1446 Ι
771 1364 944 1439 Caesarem
968 1363 1068 1428 altera
1090 1361 1129 1426 ad
1146 1358 1224 1424 Ger-

71 1467 191 1531 maniae
214 1466 378 1550 Principes
401 1469 424 1532 dr
444 1465 448 1553 Ι
469 1467 603 1532 Ordines
627 1467 766 1552 Imperii.
797 1471 801 1550 Ι
830 1467 946 1532 Omnia
977 1488 1061 1532 nunc
1082 1465 1224 1550 primum

69 1571 169 1635 simul
189 1571 235 1636 ita
257 1571 365 1636 iuncta
385 1576 482 1654 opera
505 1572 527 1636 dr
551 1572 656 1636 studio
684 1571 687 1658 Ι
717 1571 862 1636 HELIAE
886 1569 1094 1636 PVTSOHII.
1124 1568 1129 1648 Ι
1161 1566 1224 1632 Ao·

71 1680 238 1740 cesserunt
260 1698 400 1740 seorsum
425 1675 732 1742 OOMMENTARII
748 1678 771 1742 dr
786 1676 944 1760 No-lTAE
967 1676 1050 1741 Guil.
1067 1672 1225 1759 Xylandri

71 1783 106 1846 in
134 1782 234 1846 libros
258 1781 295 1845 de
318 1780 375 1847 IV.
399 1779 635 1866 Monar-lchiis,
665 1802 749 1846 nunc
771 1783 909 1864 primum
932 1783 965 1845 in
989 1781 1090 1846 lucem
1113 1777 1199 1843 editi.
1218 1774 1221 1862 Ι

71 1886 251 1970 [Emblem]
280 1886 285 1971 Ι
314 1884 527 1950 HANOVIAE
570 1889 575 1968 Ι
617 1885 711 1970 Apud
752 1886 956 1952 Ouilielmum
994 1878 1221 1968 Antonium,l

70 1991 258 2058 MDOVIII.

162 2095 270 2162 Octav.
307 2095 367 2161 Dic
391 2096 502 2160 beiden
525 2097 619 2162 reden
641 2097 702 2162 mit
725 2096 795 2160 dem
818 2101 956 2161 vorwort
979 2098 1031 2161 dea
1054 2095 1224 2161 versassers

68 2227 94 2267 s,
132 2203 228 2286 [411]
260 2202 308 2266 bis
339 2207 424 2278 608,
463 2202 545 2266 ohne
576 2202 689 2287 irgend
724 2201 839 2266 welche
873 2203 1081 2286 anmerkung.
1140 2191 1225 2264 Titel

66 2333 91 2373 s,
121 2303 227 2392 [4'll],
251 2306 394 2372 Sleidans
417 2312 556 2372 vorwort
579 2330 603 2374 s.
628 2313 702 2372 412.
727 2311 810 2385 413,
844 2329 888 2374 or.
914 2307 952 2372 ad
977 2307 1078 2390 princ.
1110 2327 1135 2369 s.
1159 2309 1223 2369 414

67 2415 121 2477 bis
148 2417 222 2489 506,
247 2434 290 2478 or.
316 2413 355 2476 ad
377 2411 463 2484 Oeae.
488 2435 512 2476 s.
538 2419 599 2496 507
624 2413 673 2476 bis
698 2417 770 2478 608.
816 2412 881 2499 Der
903 2413 1086 2496 sammlung
1109 2431 1223 2475 voran-

66 2518 240 2604 geschicht
261 2518 304 2582 ist
326 2517 396 2581 eine
418 2516 562 2601 Epistola
585 2518 778 2583 dedicatoria
800 2539 862 2582 von
886 2517 1006 2582 Putsch
1029 2538 1070 2581 an
1090 2514 1224 2599 Ludwig

65 2623 229 2689 Wilhelm
251 2621 370 2701 Moser,
401 2623 609 2688 kurflirstlich
633 2623 831 2688 sachsischen
855 2622 1021 2708 gehsimen
1043 2621 1134 2698 rath,
1167 2619 1223 2684 da-

65 2731 150 2795 tiert
173 2727 295 2806 Stadae,
319 2749 404 2793 anno
419 2727 550 2792 Domini
565 2727 712 2795 MOOVI.
736 2729 815 2812 ipsis
837 2729 913 2794 idib.
937 2727 1027 2792 Febr.
1061 2726 1100 2789 In
1123 2725 1224 2788 dieser

65 2835 219 2918 Epistola
241 2833 329 2897 heillt
351 2853 403 2898 es:
444 2834 547 2910 Ouum
571 2833 670 2918 igitur
693 2835 738 2898 ita
761 2835 852 2900 nobis
876 2835 1036 2899 decretum
1060 2835 1141 2895 esset
1163 2830 1221 2894 hos

65 2939 200 3005 libellos
224 2938 279 3020 (no
302 2937 335 3002 ΙΙ
358 2938 423 3002 und
446 2937 496 3002 ΙΙΙ
519 2938 573 3002 der
596 2939 710 3023 obigen
734 2939 941 3023 aufzdhlung)
965 2936 1113 3022 diligenti
1129 2939 1223 3019 typo-

2 3117 7 3126 ,
65 3046 197 3132 grapho
221 3043 294 3107 dare
317 3043 517 3121 recudendos,
541 3045 637 3108 simul
653 3045 739 3110 nacti
755 3046 893 3110 eiusdem
910 3043 1054 3108 historici
1071 3038 1221 3126 gravissi·

63 3173 140 3216 mas
165 3148 332 3213 Orationes
356 3150 449 3214 duas:
473 3172 570 3214 unam
593 3150 632 3214 ad
655 3149 802 3216 Oarolunr
817 3150 857 3217 V.
882 3149 1065 3214 ansarem:
1089 3147 1222 3210 alteram

64 3259 107 3322 ad
127 3254 497 3338 GermaniaePrincipes
513 3259 545 3319 et
560 3253 693 3320 Ordines
710 3255 857 3338 Imperii:
882 3277 939 3320 nec
955 3275 1063 3319 earum
1079 3251 1222 3333 exempla

64 3361 199 3444 publice
221 3381 382 3442 superesse
405 3359 497 3443 plura
528 3360 697 3438 arbitrati,
732 3361 848 3425 bonum
880 3347 1000 3425 factum
1032 3357 1222 3442 putavimus,

63 3466 198 3531 easdem
222 3464 379 3547 prioribus
402 3465 520 3528 libellis
542 3464 725 3548 adiungere,
749 3464 792 3540 ὡς
815 3473 869 3528 τοῦ
889 3466 986 3528 αὐτοῦ
1002 3464 1122 3545 πατρὸς
1138 3459 1223 3524 καλὰ

63 3569 198 3650 παιδία,
235 3572 267 3632 et
298 3590 377 3651 quae
408 3569 503 3634 etiam
526 3570 585 3634 hae
608 3573 711 3634 aetate
734 3591 799 3634 non
823 3572 929 3634 minus
952 3570 1075 3634 utiliter
1098 3571 1129 3632 et
1152 3587 1223 3632 cum

64 3679 180 3741 fructu
203 3674 267 3758 legi
289 3680 427 3756 possent,
451 3674 611 3758 dignaque
633 3675 716 3740 lectu
739 3679 853 3740 essent.
901 3675 984 3752 Quid
1006 3674 1043 3738 fit
1066 3673 1161 3738 vero?
1182 3691 1223 3734 an

63 3784 182 3865 itaque
204 3778 312 3842 omnia
334 3777 472 3844 Sleidani
495 3779 654 3861 opuscula,
679 3801 758 3862 quae
781 3784 961 3863 supersunt,
985 3778 1123 3862 exceptis
1147 3795 1224 3858 quos

63 3883 203 3969 scripsit
231 3883 354 3946 nobiles
384 3884 590 3947 historiarum
623 3883 722 3946 libros
755 3905 819 3948 una
852 3884 997 3948 edimus?
1030 3880 1221 3965 inquiebam.

62 3990 138 4056 Nec
163 3987 372 4051 deliberatum
396 3987 447 4050 diu
472 3986 550 4064 fuit,
581 3987 676 4069 quin,
701 3987 798 4050 etiam
822 3987 940 4070 absque
962 3987 1101 4069 periculo
1123 4006 1224 4068 spero,

62 4097 244 4160 iaceremus
267 4091 348 4156 hano
370 4092 471 4156 aleam
494 4095 526 4155 et
548 4093 789 4176 adiungeremus
812 4114 906 4174 porro
930 4093 979 4156 vel
1003 4092 1108 4176 potius
1132 4113 1223 4174 prae-

62 4203 240 4286 figeremus
264 4197 375 4260 ceteris
399 4197 537 4261 eiusdem
561 4196 698 4261 auctoris
722 4197 759 4260 de
783 4200 918 4280 quatuor
933 4197 1064 4260 summis
1082 4196 1224 4278 imperiis

62 4305 187 4378 libros,
224 4302 258 4364 in
291 4301 406 4384 quibus
436 4303 620 4385 praesertim
655 4303 757 4366 multa
790 4323 923 4386 quorum
960 4303 994 4365 in
1019 4301 1223 4368 Orationibus

63 4427 199 4494 quoque
221 4405 259 4470 fit
282 4408 412 4472 mentio.
