2902 4996
588 325 649 390 177

61 497 165 578 reptare
193 495 229 560 de
258 518 313 575 ro,
348 519 443 581 quam
470 519 563 563 nemo
597 501 701 586 neget.
747 497 866 564 Similis
898 501 993 587 plane
1026 503 1107 570 ratio
1139 509 1187 572 est

60 604 219 664 nostrorum
242 606 428 686 temporum.
462 601 496 668 Si
514 625 578 667 non
602 611 862 690 conspuroassent
883 607 991 673 omnia
1012 612 1187 696 pontifices,

59 705 109 767 nisi
129 707 292 771 omdeliter
313 711 345 771 et
368 730 460 772 avare
483 707 639 794 egissent,
668 714 699 773 et
722 709 749 773 si
772 710 956 775 mandatum
981 712 1056 799 ipsis
1079 738 1098 779 a
1120 715 1187 783 Deo

59 831 155 874 munus
176 811 345 896 diligenter
375 813 570 892 obivissent,
604 813 686 878 nihil
717 835 795 898 opus
828 819 909 879 esset
937 816 1030 882 hodie
1060 819 1187 906 litigare
1281 835 1284 845 '

58 915 212 998 superbos
234 922 440 1004 argumente,
475 921 507 982 et
537 940 577 982 ne
600 919 790 1004 cogitassent
813 919 938 1002 quidem
962 921 1105 988 homines
1128 925 1187 989 ali-

58 1019 119 1100 quid
133 1020 258 1104 hujusoe
274 1023 329 1086 rei.
361 1023 421 1087 Sed
438 1024 587 1108 quoniam
604 1023 664 1109 ipsi
681 1023 847 1089 materiam
870 1048 906 1090 ao
928 1028 1026 1092 veluti
1048 1033 1185 1116 segetem

56 1129 196 1208 perpetuae
218 1127 285 1191 litis
302 1128 498 1209 invexerunt,
524 1152 654 1214 eamque
669 1128 869 1194 vehementer
883 1130 976 1196 hodie
992 1154 1186 1220 persequun-

56 1233 106 1308 tur,
128 1253 203 1316 opus
226 1236 292 1310 est,
315 1237 352 1296 ut
373 1233 479 1298 lumen
505 1234 632 1318 aliquod
656 1233 827 1314 inferatur,
851 1257 913 1320 quo
935 1238 1065 1323 propius
1088 1237 1187 1302 videri

11 1357 12 1360 ¹
57 1354 133 1398 eausa
152 1337 255 1419 possit
278 1341 309 1401 et
332 1337 505 1422 dijudicari.

126 1439 166 1504 Et
188 1442 345 1526 principio
368 1443 494 1526 quidem
517 1447 636 1508 certum
660 1448 716 1525 est,
745 1468 816 1510 eum
840 1444 937 1511 fuisse
960 1447 1115 1512 duntaxat
1137 1470 1188 1513 eo-

54 1543 139 1609 elesia
161 1545 315 1612 Romanae
337 1549 525 1634 episcopum.
572 1548 634 1614 Cur
666 1549 751 1615 enim
781 1550 862 1640 alius
892 1573 958 1616 esse
990 1551 1103 1617 debeat
1132 1558 1188 1618 aut

11 1697 12 1710 ,
56 1648 142 1730 major
165 1672 262 1734 quam
286 1653 351 1733 illi,
383 1653 435 1738 qui
459 1677 516 1738 per
539 1660 656 1719 ceteras
680 1655 833 1734 diciones,
857 1655 986 1736 Asiam,
1010 1656 1133 1742 Syriam
1157 1663 1189 1724 et

11 1817 12 1822 ,
56 1754 227 1842 AEgyptum,
252 1761 388 1825 ecelesiis
403 1759 620 1844 praefuerunt?
657 1759 745 1826 Adeo
766 1783 840 1826 vero
863 1762 984 1826 nullam
1007 1766 1084 1829 tuno
1107 1768 1188 1828 tem-

11 1913 12 1918 ,
54 1861 126 1942 poris
147 1863 262 1929 habuit
283 1849 493 1950 potestatem,
527 1871 563 1931 ut
594 1868 689 1931 etiam
717 1867 751 1931 in
775 1867 912 1932 latebras
935 1867 1047 1932 abdere
1070 1891 1102 1933 se
1125 1891 1189 1933 non

54 1985 113 2030 raro
134 1974 318 2054 cogeretur,
342 1972 601 2056 persequentibus
625 1971 780 2056 evangelii
799 1971 1029 2055 professionem
1053 1973 1189 2058 impera-

54 2070 170 2152 toribus,
196 2075 236 2138 ad
260 2079 418 2141 trecentos
440 2077 567 2144 circiter
589 2100 698 2157 annos,
722 2100 784 2162 quo
803 2083 945 2165 tempore
961 2077 1189 2143 Constantinus

55 2172 144 2241 Oaesar
166 2178 289 2244 Christi
311 2182 498 2268 religionem
522 2183 684 2266 amplexus
707 2183 778 2249 fuit.
824 2183 866 2248 Et
888 2182 940 2248 hio
962 2205 1037 2248 sane
1059 2183 1189 2248 dubium

53 2287 172 2348 nonest
202 2287 281 2369 quin
312 2310 429 2374 magna
458 2289 588 2354 caritate
618 2288 898 2371 benevolentiaque
931 2289 974 2352 sit
1007 2291 1191 2374 prosecutus

54 2388 205 2455 ministros
228 2396 261 2456 et
283 2393 424 2460 doctores
439 2394 537 2472 verbi,
562 2394 614 2458 sed
631 2397 754 2464 tantam
772 2394 838 2478 ejus
853 2393 1078 2458 liberalitatem
1094 2393 1191 2458 fuisse

610 2516 627 2554 ss

11 2661 12 2668 ,
53 2598 135 2664 allein
160 2607 316 2688 gewartet
338 2603 466 2684 hatten,
495 2605 555 2669 wie
577 2605 706 2684 billiob,
737 2626 819 2669 were
842 2603 921 2668 auch
944 2604 1027 2667 diser
1048 2603 1110 2667 neit
1132 2623 1191 2687 gar

11 2689 12 2692 ¹
52 2705 191 2792 unnttig,
226 2727 290 2770 ron
313 2708 411 2772 disem
435 2707 614 2794 Argument
637 2713 675 2774 ad
705 2710 818 2786 reden,
850 2709 915 2773 und
939 2730 971 2772 es
994 2707 1100 2772 werde
1122 2708 1190 2772 nie·

52 2809 134 2873 mand
157 2833 200 2875 an
226 2811 314 2875 disen
338 2814 429 2876 streit
453 2814 589 2899 gedaoht
618 2814 732 2879 haben.
777 2811 878 2878 Dweil
902 2813 947 2878 sie
970 2835 1001 2878 es
1024 2813 1098 2876 aber
1121 2814 1189 2878 ein·

51 2911 172 2996 gereres,
197 2917 273 3000 [28]
297 2919 360 2982 und
383 2920 443 2983 ietz
465 2941 523 3005 gar
545 2920 663 3004 trbtzig
686 2914 795 2983 herffir
817 2917 952 2995 rucken,
977 2921 1062 2982 mdst
1084 2940 1116 2981 es
1139 2940 1188 2981 er-

52 3018 137 3084 claret
159 3023 309 3100 werden,
343 3025 443 3088 damit
460 3025 550 3090 'aller
580 3024 715 3089 falsoher
746 3023 811 3088 und
841 3026 1061 3108 ungegrtinter
1084 3023 1188 3101 wohn,

52 3121 209 3211 hingelegt
233 3128 357 3191 werden
380 3133 463 3213 mbg.

52 3227 114 3294 Und
138 3230 325 3318 anfenglioh
349 3233 406 3296 ists
428 3233 550 3318 kundig
574 3232 638 3296 und
661 3232 774 3317 gewis,
809 3233 863 3296 das
892 3254 925 3296 er
957 3233 1046 3296 niohs
1077 3232 1188 3295 anders

52 3354 181 3416 genesen
209 3337 252 3400 ist
275 3335 351 3418 (lran
375 3336 453 3401 auoh
477 3337 527 3402 nit
549 3337 638 3401 mehr
661 3337 742 3421 sein)
773 3337 857 3401 dann
880 3338 929 3400 ein
954 3335 1097 3400 Bisohoff
1115 3337 1190 3402 oder

53 3439 190 3520 plarherr
225 3446 263 3506 ad
298 3442 419 3521 Rbom,
458 3442 560 3527 gleich
598 3442 655 3508 wis
686 3441 718 3506 in
752 3441 882 3520 Indien,
918 3425 1086 3526 ilgypten,
1128 3443 1192 3506 und

52 3545 181 3610 anderen
206 3546 296 3609 mehr
318 3551 419 3625 orten,
443 3547 592 3625 Bisohoff,
615 3548 690 3611 oder
713 3545 866 3631 Evangeli
888 3547 1051 3630 prediger,
1074 3547 1105 3609 iu
1131 3548 1190 3611 den

51 3653 161 3714 stttten
187 3651 244 3716 hin
269 3653 333 3717 und
356 3652 452 3715 wider
475 3675 588 3717 waren.
626 3651 691 3717 Hat
714 3651 793 3716 auch
816 3652 957 3716 dazdmal
981 3673 1015 3714 so
1038 3673 1096 3735 gar
1118 3652 1192 3715 kein

53 3756 199 3820 ansehens
223 3757 328 3836 mehr,
358 3758 413 3822 das
436 3779 470 3822 er
492 3758 550 3822 offt
572 3759 639 3822 sein
663 3757 753 3820 leben
778 3761 815 3822 nd
837 3760 992 3834 erretten,
1028 3755 1120 3820 dweil
1142 3756 1193 3820 die
1274 3755 1278 3762 ’

52 3857 212 3927 Romisohe
236 3861 347 3928 Keiser
376 3864 431 3928 das
460 3863 615 3948 Evangeli
645 3862 840 3947 verfolgten,
875 3861 942 3925 sioh
976 3861 1033 3925 hat
1067 3855 1192 3924 mirssen

53 3965 228 4052 verborgen.
270 3965 344 4032 Und
367 3968 433 4032 also
456 3968 528 4031 hats
552 3967 724 4052 gestanden
749 3968 806 4030 wol
833 3966 884 4030 bei
907 3965 951 4048 iij.
976 3964 1113 4028 hundert
1131 3964 1192 4048 jar,

53 4072 125 4134 naah
155 4072 211 4135 des
235 4070 359 4136 Herren
391 4073 455 4136 tod.
501 4071 545 4136 Zd
577 4072 709 4136 welcher
737 4071 799 4135 neit
821 4069 931 4134 Keiser
954 4070 1192 4149 Constantinus

53 4173 96 4238 die
117 4176 310 4242 Christliohe
340 4179 404 4244 lere
434 4177 499 4241 und
528 4177 665 4262 glauben
696 4198 892 4262 angenomen
922 4175 987 4239 hat.
1033 4171 1107 4237 Und
1137 4174 1193 4237 das

53 4280 223 4365 obgemelte
238 4281 359 4360 Keiser,
383 4304 438 4347 ans
461 4305 586 4368 grosser
610 4283 708 4348 frewd
730 4283 793 4346 und
813 4282 877 4345 lust
892 4302 946 4344 zur
962 4279 1118 4364 Religion,
1144 4282 1194 4346 die

54 4385 221 4470 pfarrherr,
245 4388 311 4452 und
334 4390 387 4454 des
408 4387 562 4476 Evangeli
585 4389 750 4475 prediger,
774 4386 852 4451 auch
876 4385 926 4450 die
948 4384 1114 4544 qqrstende
1138 4385 1193 4452 Bi·

92 4505 215 4550 num-au·
795 4504 800 4512 ·
