2902 4996
797 325 858 403 ‘us

246 495 472 570 dissidentibus
504 505 711 587 electoribus,
746 509 800 574 ille
831 510 873 576 sit
906 510 1028 591 (leesor,
1062 535 1155 597 quem
1188 513 1290 600 major
1321 537 1384 600 pars

245 610 368 676 crearit.
411 609 456 675 Ut
478 611 558 675 eitra
580 613 740 694 pontificis
761 613 897 681 Romani
920 619 1191 684 confirmationem
1215 621 1316 687 Caesar
1338 621 1384 686 sd·

246 715 406 781 ministret
427 717 543 782 omnia.
578 718 623 782 Ut
645 723 769 784 oreatus
792 720 896 786 Caesar
920 723 1199 809 inaugurationem
1222 725 1352 809 accipiat
1371 749 1386 789 0

245 819 571 904 pontifioeRonrano,
595 825 637 899 et,
660 823 687 886 si
711 820 838 907 quidem
861 826 888 889 is
911 830 1051 905 recuset,
1083 849 1102 892 0
1125 850 1312 915 quoeunque
1332 829 1385 893 alio

246 924 401 1007 episeopo.
448 923 533 992 Nam
555 926 829 1012 inaugurationem
855 930 944 995 illam
964 936 1017 1009 et,
1052 953 1147 1014 quam
1178 933 1242 1016 ipsi
1272 937 1385 1010 vocant,

247 1027 474 1108 inunctionem,
498 1053 565 1096 esse
589 1033 747 1116 quandam
765 1035 979 1101 adventiciam
991 1037 1246 1116 sollemnitatem,
1272 1039 1386 1123 excogi-

247 1136 349 1198 tatam
371 1157 391 1199 a
411 1135 626 1218 pontificibus,
650 1139 749 1203 veluti
772 1141 950 1225 symbolum
974 1143 1132 1226 quoddam
1147 1147 1309 1228 perpetuae
1323 1165 1386 1207 eon-

246 1239 369 1318 0001110,
391 1239 508 1306 futurae
530 1241 615 1306 inter
637 1242 806 1328 imperium
828 1249 860 1310 et
882 1247 1053 1311 eeclesiam.
1086 1247 1176 1324 Item,
1200 1247 1291 1326 illud,
1315 1247 1387 1331 quod

248 1344 393 1428 pontifex
417 1351 527 1440 urget,
547 1348 767 1431 jusjurandum
792 1371 828 1414 eo
851 1351 953 1415 solum
975 1373 1085 1416 revera
1106 1356 1266 1435 spectare,
1289 1357 1325 1416 ut
1345 1374 1386 1415 re·

246 1449 377 1534 ligionis
407 1456 438 1517 et
466 1451 539 1518 fidei
574 1458 690 1519 uostrae
724 1457 1012 1541 propugnationem
1043 1458 1218 1541 suscipient
1250 1456 1386 1530 Caesares,

246 1575 310 1618 non
335 1557 430 1621 etiam
453 1560 489 1621 ut
511 1559 655 1641 pontifici
677 1565 829 1644 pareant,
862 1584 898 1627 00
920 1563 1018 1628 veluti
1041 1585 1200 1628 summum
1224 1565 1386 1648 agnoscant

248 1662 480 1746 magistratum.
514 1663 688 1746 Postremo,
712 1667 826 1733 falsum
851 1689 917 1732 esse
940 1669 1187 1745 demonstrabat,
1212 1667 1296 1752 quod
1317 1687 1387 1750 pon·

812 1789 829 1826 *

248 1869 454 1956 l’Elnrpereur.
500 1874 567 1951 Que
601 1877 646 1942 les
669 1877 829 1943 Eleuteurs
854 1855 998 1943 obstant
1029 1878 1189 1956 d’aocord‚
1224 1879 1314 1961 celuy
1334 1875 1389 1938 soit

249 1976 439 2061 Empereur,
467 1981 522 2062 qui
545 2003 614 2045 sera
636 1983 702 2047 eleu
726 1983 764 2047 de
786 1985 818 2048 10
840 1984 911 2067 plus
934 1983 1054 2068 grande
1075 1984 1187 2066 partie.
1236 1983 1387 2059 Querens

248 2082 281 2146 10
310 2083 532 2149 confirmation
564 2087 606 2151 du
635 2086 741 2172 Pape,
776 2087 971 2172 l'Empereur
1002 2087 1188 2152 administre
1219 2089 1321 2150 100100
1350 2087 1388 2148 les

248 2187 394 2252 affairesz
425 2188 492 2265 Quo
514 2191 710 2275 l'Empereur
733 2195 799 2258 eree
821 2194 883 2258 soit
906 2193 1052 2258 oonsaerd
1076 2215 1133 2276 par
1155 2193 1185 2256 le
1207 2191 1303 2274 Pape,
1325 2192 1387 2254 eru

247 2311 306 2354 son
329 2292 415 2357 r'efus
437 2315 494 2378 pur
517 2297 652 2380 quelque
675 2302 765 2362 autre
787 2299 945 2382 Evesqoe:
978 2301 1091 2363 entant
1122 2319 1183 2380 que
1211 2302 1295 2362 ceste
1314 2317 1387 2360 oere-

248 2397 354 2462 monie
377 2400 470 2483 qu'ils
493 2403 642 2485 appelent
664 2403 851 2482 inonetion,
885 2405 968 2466 n'est
1002 2405 1099 2487 qu'un
1131 2403 1301 2468 aceessoire
1322 2421 1387 2464 eon-

247 2505 358 2568 trouve
379 2527 437 2589 par
459 2506 488 2570 le
511 2506 615 2591 Pape,
650 2531 769 2573 oomme
796 2531 843 2572 un
874 2529 1016 2573 merreau
1047 2507 1084 2571 de
1107 2507 1301 2590 perpetuelle
1322 2526 1387 2568 oon·
1441 2535 1442 2538 ¹

248 2609 340 2673 eorde
362 2613 451 2675 entre
473 2610 625 2695 l'llmpire
646 2617 679 2678 et
700 2613 840 2698 l’Eglise.
887 2612 985 2690 Item,
1020 2613 1087 2689 Que
1113 2613 1143 2675 le
1166 2615 1305 2675 serment
1325 2612 1388 2674 tant

248 2713 400 2780 demande'
421 2738 479 2800 par
501 2718 531 2782 le
552 2716 655 2801 Pape,
678 2739 718 2782 ne
740 2719 816 2782 tend
839 2697 930 2781 sinon
953 2720 972 2780 d
995 2717 1118 2802 obliger
1140 2716 1186 2780 100
1210 2715 1387 2800 Empereurs

248 2817 286 2884 de
309 2839 341 2884 se
363 2823 472 2902 porter
492 2842 573 2904 pour
596 2822 776 2890 defenseurs
799 2823 837 2886 de
854 2825 976 2886 nostre
1006 2821 1061 2906 foy
1083 2825 1115 2884 et
1143 2821 1301 2906 religion,
1333 2841 1387 2882 non
1441 2869 1442 2884 2

248 2945 328 3008 pour
343 2925 432 2989 obeir
446 2947 487 2988 au
502 2897 596 3008 Papi,
612 2939 653 2991 ou
668 2949 748 3010 pour
763 2928 792 2990 le
807 2928 1020 3010 reoognoistre
1038 2927 1208 3012 Magistrat
1224 2925 1386 2991 souverain.

267 3051 270 3056 ·
816 3049 834 3088 0

251 3133 360 3199 siendo
383 3137 421 3200 de
442 3129 487 3200 un
509 3138 641 3202 acuerdo
663 3138 780 3201 entresi
802 3139 850 3201 los
873 3136 1051 3214 Electores,
1083 3137 1177 3220 aquei
1198 3135 1302 3200 fuesse
1323 3133 1387 3198 110-

252 3241 405 3322 perador,
440 3264 459 3306 a
489 3243 583 3325 quien
614 3243 646 3307 la
667 3264 778 3327 mayor
799 3247 890 3326 parte
911 3243 1074 3327 eligiesse:
1121 3240 1388 3318 (1000000010-

250 3345 373 3409 maeion
398 3346 447 3410 del
471 3345 558 3431 Papa
580 3347 815 3412 administrasse
838 3349 867 3412 el
890 3349 1084 3432 Emperador
1116 3348 1206 3412 tedas
1228 3347 1277 3410 las
1301 3363 1388 3411 eosas:

252 3449 320 3526 Que
334 3451 363 3514 el
376 3449 568 3534 Emperador
587 3452 689 3516 ¹eleeto
712 3456 797 3516 tome
819 3454 850 3517 10
871 3451 1077 3537 ynvestiduro
1099 3451 1148 3515 del
1164 3450 1319 3516 Pontifioe
1333 3449 1386 3512 lto·

249 3569 356 3632 mono,¹
377 3556 441 3639 y'si
457 3544 486 3619 el
502 3577 544 3619 no
566 3555 605 3619 la'
620 3556 771 3639 quisiesse
788 3558 852 3634 dar,
878 3579 938 3640 que
960 3557 992 3622 10
1015 3563 1150 3620 tomasse
1173 3557 1212 3619 de
1236 3554 1388 3638 qualquier

249 3662 319 3722 otro
335 3659 465 3744 Obispo.
497 3661 621 3744 Perque
636 3663 761 3745 aquella
775 3662 990 3747 ynvestidura,
1014 3681 1032 3723 0
1048 3659 1079 3724 10
1095 3681 1154 3743 que
1178 3660 1257 3723 ellos
1283 3662 1386 3724 llamen

249 3766 473 3850 consegraoion
495 3788 515 3830 o
538 3769 668 3844 uueion,
699 3767 772 3854 [47]
796 3789 856 3850 que
885 3788 926 3830 no
957 3787 990 3830 es
1020 3765 1090 3828 sino
1122 3755 1187 3828 una
1217 3759 1386 3829 solennidad

229 3871 419 3947 -aoessorie,
454 3871 625 3936 inventada
647 3872 685 3936 de
706 3861 755 3936 100Ι
776 3872 964 3949 Pontifices,
1000 3891 1087 3935 como
1116 3891 1181 3933 una
1211 3889 1336 3933 manera
1355 3865 1386 3927 de

250 3973 384 4039 simbolo
407 3975 444 4039 de
467 3979 620 4059 perpetua
641 3976 808 4041 eoncordia
833 3997 894 4058 que
917 3975 993 4039 deve
1015 3974 1149 4038 de‘aver
1172 3979 1262 4038 entre
1284 3970 1385 4037 011ιο-

232 4079 337 4162 ,perio
359 4103 381 4164 y
402 4079 435 4143 la
457 4075 607 4164 Yglesia:
654 4081 745 4159 Item,
769 4101 837 4144 esso
861 4100 921 4163 que
945 4079 974 4143 el
998 4079 1150 4143 Pontifioe
1174 4079 1287 4142 abinea
1309 4076 1385 4140 tauto

250 4205 290 4248 en
313 4181 344 4248 lo
366 4184 417 4248 del
435 4186 633 4268 juramento,
658 4207 699 4249 no
722 4185 950 4269 comprehende
973 4187 1043 4248 otra
1065 4205 1153 4259 oosa,
1177 4183 1247 4245 sino
1270 4203 1326 4264 que
1345 4177 1384 4240 los

252 4287 480 4371 Emperadores
503 4294 611 4353 tomen
634 4313 653 4355 a
674 4311 712 4355 su
735 4313 829 4375 eergo
851 4290 883 4354 10
905 4289 1033 4354 defensa
1053 4289 1091 4352 de
1113 4288 1144 4351 10
1159 4287 1304 4370 Religion
1318 4305 1339 4366 y
1354 4280 1385 4342 de

251 4395 381 4457 suestra
396 4394 454 4459 Fe:
476 4415 497 4479 y
520 4415 563 4458 no
585 4417 645 4480 que
667 4417 749 4480 ayan
773 4396 811 4461 de
833 4394 982 4460 obedeoer
997 4391 1176 4478 porfuerqa
1190 4391 1222 4456 01
1236 4385 1383 4460 Pontifioe,
