2902 4996
249 541 309 605 bus
331 539 471 624 ipsorum
494 537 611 604 litteris
634 537 691 602 abs
714 540 746 602 te
768 535 883 600 leniter
914 555 1099 620 responsum
1127 535 1211 614 fuit,
1245 536 1324 602 velle
1351 542 1387 618 te,
1438 555 1439 598 ἢ

206 723 213 732 ¹
250 645 450 728 maximeque
473 665 603 728 cupere,
626 642 792 706 dissidium
815 641 998 727 religionis,
1034 646 1139 707 ortum
1162 643 1197 714 in
1220 642 1388 720 Germania,

249 772 456 835 componere,
489 771 556 814 non
578 750 610 813 vi
633 770 691 812 neo
713 747 830 826 armis,
865 769 974 813 verum
1005 748 1177 832 aequitate,
1210 747 1333 812 ratione
1359 769 1390 811 ac

250 855 478 933 benevolentia,
503 859 539 919 ut
561 854 621 919 hoc
643 858 728 918 certo
751 856 947 930 statuerent,
963 873 1020 918 neo
1034 853 1122 918 aliud
1138 852 1199 916 sibi
1216 856 1389 936 paterentur
1439 889 1440 908 1

245 960 440 1044 persuaderi.
486 959 528 1024 Et
550 961 597 1024 ita
619 959 746 1044 quidem
780 958 1011 1041 respondebas,
1046 980 1118 1024 oum
1149 979 1233 1022 esses
1264 958 1299 1021 in
1325 979 1387 1040 pro·

250 1064 365 1144 cinctu,
390 1065 489 1150 inque
503 1065 733 1131 Massiliensem
756 1063 953 1147 provinciam
976 1063 1149 1128 exercitum
1172 1063 1241 1147 ipse
1262 1063 1388 1142 duceres,

249 1169 397 1234 adversus
414 1169 526 1235 Gallias
547 1167 672 1255 selgem.
705 1169 761 1234 Cui
779 1190 948 1234 cumesses
964 1169 1066 1233 denuo
1083 1171 1155 1252 post
1170 1166 1387 1243 reconciliatus,

248 1277 344 1358 atquc
366 1275 521 1358 pontificii
544 1297 658 1340 novam
689 1273 750 1338 hoc
780 1274 850 1358 ipso
879 1274 1042 1338 crederent
1072 1273 1134 1336 sibi
1163 1271 1302 1337 oblatam
1332 1291 1388 1334 csse
1441 1262 1442 1347 l

249 1379 294 1443 rei
317 1379 396 1444 boue
419 1381 564 1466 gerenda
595 1380 808 1456 occasionem,
844 1401 880 1444 ac
908 1380 1010 1444 multa
1040 1378 1170 1444 sinistre
1199 1377 1386 1452 molirentur,
1441 1417 1442 1434 ,

251 1505 349 1568 eaque
378 1485 490 1550 deinde
511 1489 627 1569 praeter
657 1485 800 1549 omnium
832 1485 1084 1570 expectationem
1116 1483 1239 1548 detecta
1269 1501 1389 1565 magnas

248 1588 431 1654 viderentur
454 1591 629 1658 excitatura
652 1591 831 1669 seditiones,
855 1595 901 1669 tu,
925 1591 1031 1654 missis
1047 1590 1088 1654 ab
1104 1588 1262 1672 Hispania
1275 1585 1389 1670 legatis,

817 1712 836 1754 e

252 1819 292 1866 ne
315 1800 411 1866 seroit
433 1799 571 1866 observd.
602 1801 630 1865 A
654 1823 704 1868 ces
725 1802 836 1868 lettres
859 1806 894 1866 tu
917 1801 955 1866 iis
979 1800 1137 1887 gratieuse
1152 1816 1314 1884 response,
1335 1817 1392 1879 que

249 1910 284 1969 tu
308 1905 429 1970 vouloia
452 1909 483 1970 et
514 1905 645 1970 desirois
673 1907 883 1993 grandement
916 1905 1092 1990 d'appaiser
1125 1907 1154 1970 le
1187 1903 1329 1968 different
1355 1901 1391 1964 de
1443 1973 1444 1976 Ἴ

248 2009 280 2074 la
303 2008 451 2094 Religion
474 2031 611 2074 survenu
634 2033 674 2075 en
695 2009 889 2097 Alemagne:
923 2015 956 2076 et
984 2033 1018 2076 ce
1048 2033 1113 2076 non
1143 2033 1211 2102 part
1234 2029 1332 2074 armes
1353 2027 1391 2070 ou

249 2115 406 2194 violence,
430 2117 499 2181 ains
523 2136 580 2200 par
602 2118 727 2201 equite',
760 2118 867 2182 raison
890 2121 924 2181 et
946 2117 1171 2184 benevolence:
1206 2114 1298 2201 qu’ils
1320 2114 1389 2176 s'as·

249 2225 429 2286 seurassent
459 2221 496 2286 de
527 2221 614 2299 cela,
648 2245 721 2288 sans
751 2244 784 2287 se
806 2222 916 2288 laisser
940 2226 1055 2288 mettre
1077 2226 1167 2288 autre
1190 2220 1283 2286 chose
1305 2240 1344 2284 en
1365 2217 1391 2280 la
1444 2259 1445 2264 κ

247 2326 392 2392 fantasia.
439 2327 489 2392 'lu
521 2329 704 2411 respondois
739 2351 777 2393 eu
809 2331 891 2393 ceste
922 2331 1005 2392 sorte
1036 2328 1135 2392 adonc
1165 2347 1226 2410 qua
1246 2328 1282 2388 tu
1304 2322 1392 2388 estois

249 2435 320 2496 tout
343 2433 488 2516 equippe,
512 2435 542 2497 et
565 2455 625 2517 que
649 2434 826 2500 conduisois
850 2437 904 2500 ton
930 2435 1033 2500 armoe
1055 2456 1095 2498 en
1110 2432 1269 2498 Provence
1291 2432 1392 2496 contre
1445 2495 1446 2504 ,

248 2535 278 2600 le
300 2535 370 2621 Roy
393 2536 430 2600 de
453 2535 603 2628 Franco„
628 2536 754 2622 Auquel
784 2541 890 2602 estant
917 2538 1027 2622 depuis
1050 2535 1217 2604 reconcilio
1240 2535 1329 2619 (dont
1352 2521 1392 2596 les
1445 2575 1446 2590 2

248 2638 391 2722 Papistes
424 2647 600 2726 pensoyent
630 2641 717 2704 avoir
747 2641 851 2706 bonne
882 2641 1025 2706 occasion
1055 2641 1093 2704 de
1115 2639 1190 2705 bien
1212 2639 1292 2704 faire
1312 2638 1391 2702 leurs

248 2745 418 2828 besognes,¹
434 2749 465 2808 et
488 2745 713 2830 machinoyeut
736 2745 871 2810 maintes
894 2745 1012 2824 choses,
1035 2746 1201 2830 lesquelles
1219 2749 1325 2809 contre
1339 2742 1392 2806 l'o·

247 2850 359 2932 pinion
383 2851 420 2914 de
442 2853 513 2914 tous
536 2872 649 2915 veuues
672 2873 710 2915 en
734 2851 848 2928 notice,
872 2851 1071 2936 sembloyent
1093 2850 1200 2916 devoir
1222 2849 1391 2934 engendrer

247 2955 408 3038 beaucoup
433 2955 470 3018 de
491 2955 656 3034 seditione)
673 2959 709 3020 tu
725 2978 861 3040 envoyas
877 2956 930 3020 des
947 2957 1183 3021 ambassadeurs
1199 2953 1390 3039 d'Espagne:

246 3075 248 3081 ⁸
817 3077 834 3116 a

247 3167 331 3229 bona
353 3186 414 3249 que
436 3171 504 3230 esta
521 3165 616 3248 junto
638 3187 697 3229 con
721 3166 759 3229 el.
791 3165 818 3230 A
842 3166 875 3231 la
891 3163 971 3249 'qual
986 3169 1073 3230 carta
1089 3163 1259 3250 respondio
1274 3166 1395 3228 vuestra

249 3271 414 3356 Magastad
438 3294 496 3335 con
519 3271 594 3336 toda
623 3271 885 3350 mansedumbre,
921 3272 1083 3348 dizieudo,
1119 3293 1180 3354 que
1213 3269 1343 3355 queris,
1375 3287 1394 3350 y

248 3375 393 3440 desecare
424 3397 499 3460 muy
528 3375 659 3454 mucho,
694 3379 760 3439 este
792 3375 905 3438 diaidio
935 3375 972 3438 de
996 3374 1028 3440 la
1050 3373 1199 3460 Religion
1223 3373 1334 3438 nacido
1357 3392 1392 3434 en

247 3480 424 3554 Alemania,
449 3481 649 3564 componerlo
671 3504 692 3565 y
712 3479 892 3564 pacificarlo
909 3501 949 3543 no
965 3502 1023 3564 por
1039 3479 1145 3565 iuerca
1162 3478 1195 3542 ni
1211 3499 1271 3562 por
1286 3497 1394 3551 armas,

247 3586 318 3648 sino
340 3607 397 3649 con
422 3587 496 3649 toda
519 3585 662 3669 equidad,
686 3607 790 3662 razon,
813 3609 834 3670 y
857 3583 1094 3649 benevolenciar
1118 3608 1139 3669 y
1163 3605 1224 3667 que
1241 3583 1393 3647 tuviesseu

247 3693 314 3754 esto
336 3712 394 3773 por
417 3713 499 3776 muy·
515 3692 621 3769 cierto,
645 3714 667 3774 y
689 3712 750 3774 que
773 3713 813 3755 no
836 3713 869 3754 se
885 3691 1034 3755 derassen
1051 3689 1215 3774 persuadit
1231 3692 1301 3752 otra
1317 3707 1393 3750 cosa.

247 3793 279 3858 Y
302 3795 390 3859 desta
413 3817 541 3860 manera
563 3796 732 3879 respondio
756 3799 882 3860 vuestra
905 3796 1081 3881 Megestad,
1105 3796 1236 3859 astando
1260 3791 1394 3866 armado,

247 3923 268 3985 y
292 3922 330 3964 en
353 3900 383 3964 el
405 3900 528 3964 camino
549 3902 586 3965 de
601 3895 759 3978 Mersella,
783 3923 841 3984 por
864 3901 965 3965 donde
988 3901 1109 3966 llevava
1133 3897 1340 3962 encaminada
1362 3917 1395 3958 su

247 4006 383 4072 exercito
409 4010 519 4072 contra
542 4007 570 4070 el
600 4029 655 4092 rey
678 4007 715 4070 de
738 4005 881 4072 Francia.
929 4007 994 4072 Con
1025 4006 1054 4069 el
1084 4003 1177 4088 qual,
1213 4024 1301 4067 como
1330 4005 1395 4064 otra

246 4131 301 4174 vez
323 4131 356 4173 ae
379 4111 615 4189 reconciliasse,
650 4135 672 4195 y
694 4133 755 4194 que
785 4133 898 4195 creyan
927 4111 975 4175 los
998 4110 1142 4193 Papistas
1166 4129 1227 4190 que
1249 4127 1308 4170 oon
1333 4099 1395 4168 ess'o

247 4237 279 4278 se
301 4214 346 4278 les
370 4217 497 4281 offrecia
528 4239 630 4281 nueva
659 4217 820 4294 occasion,
853 4239 931 4300 para
961 4216 1053 4280 hezer
1076 4214 1149 4298 algo
1172 4212 1210 4275 de
1232 4212 1337 4276 bueno
1359 4229 1394 4272 en

246 4339 283 4381 eu
307 4321 456 4403 negocio,
490 4344 511 4406 y
535 4343 595 4404 que
616 4343 658 4405 ya
680 4321 908 4385 tramavan'de
930 4324 1048 4385 secreto
1072 4339 1159 4383 cosas
1182 4313 1221 4380 de
1242 4314 1329 4379 mala
1350 4307 1414 4376 di-'

247 4423 386 4507 gestiou:
419 4424 466 4488 las
489 4425 597 4508 quales
619 4425 729 4490 aiendo
751 4426 881 4508 despuas
904 4446 993 4490 como
1016 4445 1074 4509 por
1096 4421 1254 4507 miraglo,
1290 4419 1393 4482 descu-
