2930 4998
605 343 667 406 24⁷

147 513 288 598 Respice,
313 535 428 600 quaeso,
453 513 565 592 (iasar,
590 515 624 578 in
647 514 786 580 actiones
809 516 947 597 illorum,
972 517 1027 602 qui
1049 523 1123 584 sunt
1138 519 1210 604 qui·

69 643 122 704 que
142 619 272 686 fuerunt
293 621 353 687 hac
376 625 432 686 tua
454 624 558 686 aetate.
604 619 691 686 Num
719 621 848 704 aliquod
871 622 980 688 solidae
1002 624 1131 688 virtutis
1154 628 1210 690 aut

67 725 275 790 sanctimoniae
297 727 455 811 specimen
478 727 513 790 in
536 726 580 790 eis
603 747 743 810 unquam
777 727 1035 810 deprehendisti?
1069 751 1110 794 an
1143 715 1209 794 non

66 831 163 913 potius
186 853 307 896 meram
330 832 522 918 hypocrisin,
547 831 620 896 ficta
643 835 675 894 at
697 830 845 895 simulata
868 837 899 896 et
922 832 961 898 ad
982 833 1124 898 fraudem
1140 857 1208 900 om-

66 936 113 1000 nia
134 937 331 1020 composita?
376 937 411 1001 Si
434 937 629 1020 dissiparunt
652 935 779 1020 imperii
808 937 920 1012 robur;
957 939 983 1002 si
1016 960 1138 1022 semper
1171 961 1207 1004 eo

65 1046 257 1124 spectarunt,
290 1046 326 1106 ut
349 1063 459 1127 regum
481 1042 564 1106 vires
587 1041 804 1118 infirmarent3
840 1042 866 1106 si
889 1044 1036 1126 turpibus
1059 1049 1091 1110 et
1113 1045 1208 1112 illau-

65 1148 139 1212 datis
161 1147 341 1212 rationibus
364 1149 420 1213 has
443 1151 550 1212 tantas
571 1169 645 1230 opes
669 1148 828 1212 consecuti
851 1152 943 1232 sunt;
965 1150 993 1214 si
1016 1172 1079 1217 non
1104 1151 1207 1215 solum

64 1256 126 1317 tuos
148 1253 283 1336 majores
306 1275 423 1332 omnes,
447 1275 557 1318 verum
579 1258 611 1318 te
634 1275 776 1338 quoque,
801 1252 919 1332 Caesar,
949 1256 1054 1338 ipsum
1077 1255 1208 1342 indigne

63 1362 251 1436 tractamnt‚
274 1359 321 1424 ita
343 1360 489 1443 quidem,
514 1362 550 1424 ut
572 1358 852 1424 criminationibus
873 1360 1001 1426 illorum
1025 1361 1057 1424 in
1080 1365 1113 1426 te
1135 1383 1209 1425 con-

63 1463 146 1542 fictis,
169 1464 258 1529 edito
280 1465 398 1548 scripto
421 1465 463 1528 sis
487 1467 611 1530 coactus
633 1464 836 1549 respondere:
861 1466 937 1548 quid
961 1466 1129 1543 nunciatis,
1152 1470 1208 1532 aut

62 1570 90 1632 in
112 1591 208 1654 quam
230 1569 392 1635 meliorem
414 1591 503 1654 spem
526 1569 633 1634 venire
657 1572 770 1653 potes?
802 1569 934 1636 Frustra
952 1570 1089 1636 sumitur
1104 1571 1207 1636 omnis

62 1675 151 1740 labor.
199 1673 285 1740 Nam
308 1697 378 1740 eum
401 1675 475 1739 vitm
499 1696 626 1740 cursum
648 1678 781 1753 tenent,
816 1697 910 1758 quem
939 1677 1096 1759 scriptura
1126 1697 1207 1761 prae-

62 1779 142 1847 dixit.
190 1779 301 1844 Armis
325 1780 506 1864 quidemst
534 1781 566 1844 vi
596 1802 660 1846 non
691 1780 931 1864 opprimentur,
966 1780 1019 1846 sed
1050 1779 1208 1864 evangelii
1274 1807 1277 1816 ¹

62 1885 280 1968 predicatione
302 1885 347 1949 sic
369 1887 522 1969 patefient
544 1890 577 1952 et
606 1889 818 1971 agnoscentur
848 1886 949 1952 indies
979 1885 1081 1970 magis
1112 1888 1207 1967 atque

61 1992 166 2076 magis,
190 1993 229 2054 ut
252 1990 359 2055 nullus
382 2015 523 2076 unquam
547 1992 678 2056 inorbo
701 1996 859 2057 terrarum
883 1991 1024 2056 extiterit
1039 1996 1206 2075 tyrannus,

61 2096 107 2178 qui
129 2099 200 2161 tam
222 2096 347 2162 illustre
370 2101 498 2180 tamque
520 2097 701 2181 pudendum
723 2097 772 2162 sui
796 2097 1010 2180 spectaculum
1024 2095 1205 2179 praebuerit,

61 2223 147 2284 quam
170 2201 238 2264 isti.
284 2201 401 2279 Porro,
437 2203 518 2268 sicut
548 2203 603 2266 irae
633 2203 747 2267 divinis
779 2202 904 2287 signum
937 2200 1019 2276 fuit,
1055 2199 1207 2282 quamdiu

59 2305 257 2371 versabamur
279 2305 314 2368 in
336 2305 394 2370 illa
409 2306 603 2372 crassissima
619 2306 765 2391 caligine,
790 2306 836 2370 ita
852 2327 978 2390 quoque
993 2304 1205 2390 benignitatis

59 2416 86 2475 et
106 2411 284 2477 clementiae
305 2415 446 2495 paterna
477 2410 695 2476 indubitatum
726 2414 773 2476 est
805 2415 1048 2496 argumentum,
1080 2409 1205 2492 quando

59 2517 191 2602 depulsis
214 2516 306 2581 hodie
329 2517 468 2581 tenebris
481 2517 711 2600 jucundissimo
728 2516 803 2582 solis
818 2519 949 2602 aspectu
965 2515 1110 2580 fruimur.
1142 2514 1204 2580 Pro

58 2645 113 2706 quo
135 2625 231 2688 tanto
255 2643 383 2688 munere
407 2622 490 2686 nihil
514 2622 599 2688 aliud
631 2645 649 2686 a
680 2621 771 2686 nobis
802 2618 948 2707 relposoit
970 2619 1073 2697 Deus,
1109 2633 1205 2702 quam

58 2732 89 2792 ut
119 2747 330 2814 agnoscamus
366 2727 445 2792 illud
474 2730 507 2791 et
536 2730 716 2792 reverenter
747 2726 1002 2809 complectamur.
1051 2725 1140 2801 Quod
1169 2728 1203 2788 ut

57 2832 168 2913 facias,
204 2832 406 2898 vehementer
429 2836 543 2916 optant
565 2855 673 2898 omnes
696 2833 757 2916 piae
788 2835 928 2909 mentes,
961 2851 1059 2914 eoque
1090 2829 1202 2914 magis,

57 2959 113 3020 quo
128 2937 308 3002 manifestae
323 2937 451 3002 veritati
470 2936 621 3002 furiosius
638 2958 815 3022 repugnare
831 2936 939 3001 vident
955 2935 1157 3000 adversarios.

58 3040 112 3117 Qui
134 3043 227 3108 nulla
249 3046 383 3126 possunt
406 3042 525 3125 expleri
548 3042 743 3120 crudelitate,
768 3043 821 3106 sed
846 3041 1043 3106 delectantur
1066 3039 1202 3106 caedibus

620 3163 638 3202 s

59 3251 88 3315 lr
116 3251 361 3338 hypocritisclre‘
381 3251 560 3336 geberden,
595 3252 660 3316 und
690 3251 850 3335 fiirwitzig
872 3250 984 3328 reden,
1019 3247 1107 3312 hilfft
1129 3247 1203 3312 inen

57 3356 225 3422 mercklich
249 3355 367 3420 darein.
415 3355 518 3422 Wenn
543 3379 617 3420 man
641 3356 687 3420 sie
709 3357 783 3434 aber
806 3355 894 3422 recht
916 3355 1052 3431 kennet,
1086 3352 1151 3416 und
1176 3351 1204 3413 ir

55 3459 139 3546 listig
163 3461 308 3546 angeben
331 3462 496 3526 verstehen
520 3462 636 3540 mbcht,
661 3462 819 3526 solt·n1an
836 3462 882 3526 sie
897 3462 1019 3526 dermas
1035 3457 1203 3541 empiahen

57 3568 114 3630 und
138 3567 270 3631 wilkom
292 3566 437 3645 heissen,
470 3567 525 3632 das
549 3567 688 3632 siecum
711 3568 847 3632 anderen
871 3567 934 3630 mal
958 3564 1007 3628 uit
1030 3561 1202 3626 widerumb
1313 3597 1321 3607 -

55 3670 172 3738 kemen.
231 3670 343 3736 Haben
377 3673 421 3736 sie
455 3673 533 3736 doeh
566 3672 660 3738 ,nichs
696 3695 884 3758 vergessen,
927 3670 1006 3735 noch
1042 3667 1201 3732 eruinden

55 3776 171 3856 lassae,
204 3798 268 3842 was
297 3799 358 3840 nur
387 3782 426 3842 mi
450 3779 716 3863 underdruclrung
741 3779 795 3843 der
817 3777 950 3842 warheit
971 3772 1110 3838 dienlieh
1133 3771 1201 3835 sein

56 3903 132 3969 mag.
180 3882 232 3948 sie
254 3883 368 3948 wissen
391 3885 472 3950 auch
494 3885 574 3962 nol,
608 3907 687 3950 wem
719 3883 764 3948 sie
794 3885 839 3948 im
869 3882 976 3954 selben
1000 3879 1113 3942 dienen
1136 3877 1200 3939 und

57 3988 182 4070 gafalles
205 3987 298 4054 rhun.
344 3988 430 4054 Aber
461 4011 493 4054 es
517 3989 565 4054 sol
588 3989 656 4054 sich
678 3989 713 4054 E.
738 3989 781 4054 Μ.
806 4011 862 4054 vor
885 3989 959 4054 inen
983 3987 1029 4050 als
1052 4005 1107 4048 vor
1130 3981 1200 4044 dem

57 4093 206 4176 gewissen
230 4094 538 4177 phariseisch[63]en
562 4094 762 4178 gesehleoht,
786 4092 970 4178 fleissiglicb
992 4084 1111 4166 hirten,
1136 4086 1201 4150 und

56 4197 225 4281 eigentlicb
248 4198 427 4275 schliessen,
452 4199 506 4262 das
524 4219 584 4263 von
601 4199 685 4278 inen,
710 4199 885 4264 oberzalter
901 4195 1053 4261 ursachon
1073 4192 1199 4269 halben,

57 4299 141 4366 niohs
163 4302 322 4381 heilsams‚
346 4302 507 4370 hinfdrter
529 4309 568 4370 ab
590 4309 745 4370 erwarten
768 4305 820 4368 ist.

138 4405 189 4472 sie
212 4408 315 4472 lassen
332 4408 399 4474 sich
416 4433 456 4474 an
473 4409 599 4474 keinem
615 4410 778 4495 verfolgen
796 4407 877 4472 noch
893 4409 1033 4474 brennen
1051 4407 1199 4492 mitigeri,
